@article{Jacquemin20150-0Compounds,
    title = {{0-0 energies using hybrid schemes: Benchmarks of TD-DFT, CIS(D), ADC(2), CC2, and BSE/GW formalisms for 80 real-life compounds}},
    year = {2015},
    journal = {Journal of Chemical Theory and Computation},
    author = {Jacquemin, Denis and Duchemin, Ivan and Blase, Xavier},
    number = {11},
    month = {11},
    pages = {5340--5359},
    volume = {11},
    publisher = {American Chemical Society},
    doi = {10.1021/acs.jctc.5b00619},
    issn = {15499626}
}

@misc{Liu201325thMatters,
    title = {{25th Anniversary article: Reversible and adaptive functional supramolecular materials: "noncovalent interaction" matters}},
    year = {2013},
    booktitle = {Advanced Materials},
    author = {Liu, Kai and Kang, Yuetong and Wang, Zhiqiang and Zhang, Xi},
    number = {39},
    month = {10},
    pages = {5530--5548},
    volume = {25},
    doi = {10.1002/adma201302015},
    issn = {09359648},
    keywords = {adaptive materials, noncovalent interactions, responsive properties, self-assembly, supramolecular materials}
}

@article{vonHippel201350Research,
    title = {{50 years of DNA ‘Breathing': Reflections on old and new approaches [For special issue of biopolymers on 50 years of nucleic acids research]}},
    shorttitle = {50 years of DNA ‘Breathing'},
    year = {2013},
    journal = {Biopolymers},
    author = {von Hippel, Peter H and Johnson, Neil P and Marcus, Andrew H},
    month = {7},
    pages = {n/a–n/a},
    url = {http://doi.wiley.com/10.1002/bip.22347},
    doi = {10.1002/bip.22347},
    issn = {00063525},
    language = {en}
}

@article{Maffeo2014AExperiment,
    title = {{A Coarse-Grained Model of Unstructured Single-Stranded DNA Derived from Atomistic Simulation and Single-Molecule Experiment}},
    year = {2014},
    journal = {Journal of Chemical Theory and Computation},
    author = {Maffeo, Christopher and Ngo, Thuy T M and Ha, Taekjip and Aksimentiev, Aleksei},
    number = {8},
    month = {8},
    pages = {2891--2896},
    volume = {10},
    url = {https://pubs.acs.org/doi/10.1021/ct500193u},
    doi = {10.1021/ct500193u},
    issn = {1549-9618, 1549-9626},
    language = {en}
}

@article{Dutta2014ASystem,
    title = {{A DNA-directed light-harvesting/reaction center system}},
    year = {2014},
    journal = {Journal of the American Chemical Society},
    author = {Dutta, Palash K and Levenberg, Symon and Loskutov, Andrey and Jun, Daniel and Saer, Rafael and Beatty, J Thomas and Lin, Su and Liu, Yan and Woodbury, Neal W and Yan, Hao},
    number = {47},
    month = {11},
    pages = {16618--16625},
    volume = {136},
    url = {https://pubs.acs.org/doi/10.1021/ja509018g},
    doi = {10.1021/ja509018g},
    issn = {15205126},
    language = {en}
}

@article{Otten2019ACultivations,
    title = {{A FRET-based biosensor for the quantification of glucose in culture supernatants of mL scale microbial cultivations}},
    year = {2019},
    journal = {Microbial Cell Factories},
    author = {Otten, Julia and Tenhaef, Niklas and Jansen, Roman P. and D{\"{o}}bber, Johannes and Jungbluth, Lisa and Noack, Stephan and Oldiges, Marco and Wiechert, Wolfgang and Pohl, Martina},
    number = {1},
    month = {8},
    pages = {143},
    volume = {18},
    publisher = {BioMed Central Ltd.},
    url = {https://microbialcellfactories.biomedcentral.com/articles/10.1186/s12934-019-1193-y},
    doi = {10.1186/s12934-019-1193-y},
    issn = {14752859},
    keywords = {BioLector, Glucose binding protein, Micro cultivation, Online glucose measurement, Sensor beads, Venus, mTurquoise2}
}

@article{Herron2015ATechnologies,
    title = {{A general framework for the assessment of solar fuel technologies}},
    year = {2015},
    journal = {Energy and Environmental Science},
    author = {Herron, Jeffrey A. and Kim, Jiyong and Upadhye, Aniruddha A. and Huber, George W. and Maravelias, Christos T.},
    number = {1},
    month = {1},
    pages = {126--157},
    volume = {8},
    publisher = {Royal Society of Chemistry},
    doi = {10.1039/c4ee01958j},
    issn = {17545706}
}

@article{Zimmermann2003AExperiments,
    title = {{A generalization of the jablonski diagram to account for polarization and anisotropy effects in time-resolved experiments}},
    year = {2003},
    journal = {Physical Chemistry Chemical Physics},
    author = {Zimmermann, Jörg and Zeug, Andre and R{\"{o}}der, Beate},
    number = {14},
    month = {7},
    pages = {2964--2969},
    volume = {5},
    publisher = {The Royal Society of Chemistry},
    doi = {10.1039/b303138a},
    issn = {14639076}
}

@article{Yang2014ACells,
    title = {{A low bandgap asymmetrical squaraine for high-performance solution-processed small molecule organic solar cells}},
    year = {2014},
    journal = {Chemical Communications},
    author = {Yang, Daobin and Yang, Qianqian and Yang, Lin and Luo, Qian and Chen, Yao and Zhu, Youqin and Huang, Yan and Lu, Zhiyun and Zhao, Suling},
    number = {66},
    month = {8},
    pages = {9346--9348},
    volume = {50},
    publisher = {Royal Society of Chemistry},
    doi = {10.1039/c4cc03831b},
    issn = {1364548X}
}

@article{Yanai2004ACAM-B3LYP,
    title = {{A new hybrid exchange–correlation functional using the Coulomb-attenuating method (CAM-B3LYP)}},
    year = {2004},
    journal = {Chemical Physics Letters},
    author = {Yanai, Takeshi and Tew, David P and Handy, Nicholas C},
    number = {1-3},
    month = {7},
    pages = {51--57},
    volume = {393},
    url = {https://linkinghub.elsevier.com/retrieve/pii/S0009261404008620},
    doi = {10.1016/j.cplett.2004.06.011},
    issn = {00092614},
    language = {en}
}

@article{Narushima2003ADiodes,
    title = {{A p-type amorphous oxide semiconductor and room temperature fabrication of amorphous oxide p-n heterojunction diodes}},
    year = {2003},
    journal = {Advanced Materials},
    author = {Narushima, Satoru and Mizoguchi, Hiroshi and Shimizu, Ken Ichi and Ueda, Kazushige and Ohta, Hiromichi and Hirano, Masahiro and Kamiya, Toshio and Hosono, Hideo},
    number = {17},
    pages = {1409--1413},
    volume = {15},
    doi = {10.1002/adma.200304947},
    issn = {09359648}
}

@misc{Luo2011AImaging,
    title = {{A review of NIR dyes in cancer targeting and imaging}},
    year = {2011},
    booktitle = {Biomaterials},
    author = {Luo, Shenglin and Zhang, Erlong and Su, Yongping and Cheng, Tianmin and Shi, Chunmeng},
    number = {29},
    month = {10},
    pages = {7127--7138},
    volume = {32},
    doi = {10.1016/j.biomaterials.2011.06.024},
    issn = {01429612},
    keywords = {Cancer targeting, Imaging, Multifunctional agents, Near infrared dyes}
}

@article{Chen2014APerformance,
    title = {{A series of squaraine dyes: Effects of side chain and the number of hydroxyl groups on material properties and photovoltaic performance}},
    year = {2014},
    journal = {Chemistry of Materials},
    author = {Chen, Guo and Sasabe, Hisahiro and Sasaki, Yusuke and Katagiri, Hiroshi and Wang, Xiao Feng and Sano, Takeshi and Hong, Ziruo and Yang, Yang and Kido, Junji},
    number = {3},
    month = {2},
    pages = {1356--1364},
    volume = {26},
    doi = {10.1021/cm4034929},
    issn = {08974756}
}

@article{LeBahers2009ACells,
    title = {{A TD-DFT investigation of ground and excited state properties in indoline dyes used for dye-sensitized solar cells}},
    year = {2009},
    journal = {Physical Chemistry Chemical Physics},
    author = {Le Bahers, Tangui and Pauport{\'{e}}, Thierry and Scalmani, Giovanni and Adamo, Carlo and Ciofini, Ilaria},
    number = {47},
    pages = {11276--11284},
    volume = {11},
    doi = {10.1039/b914626a},
    issn = {14639076}
}

@misc{Ikeda2019AbAlloys,
    title = {{Ab initio phase stabilities and mechanical properties of multicomponent alloys: A comprehensive review for high entropy alloys and compositionally complex alloys}},
    year = {2019},
    booktitle = {Materials Characterization},
    author = {Ikeda, Yuji and Grabowski, Blazej and K{\"{o}}rmann, Fritz},
    pages = {464--511},
    volume = {147},
    doi = {10.1016/j.matchar.2018.06.019},
    issn = {10445803},
    keywords = {Compositionally complex alloys, Comprehensive overview and review, First principles, High entropy alloys, Mechanical properties, Phase stability and thermodynamic properties}
}

@article{Fothergill2018AbDyes,
    title = {{Ab Initio Studies of Exciton Interactions of Cy5 Dyes}},
    year = {2018},
    journal = {Journal of Physical Chemistry A},
    author = {Fothergill, Jenny W and Hernandez, Andres C and Knowlton, William B and Yurke, Bernard and Li, Lan},
    number = {46},
    month = {11},
    pages = {8989--8997},
    volume = {122},
    url = {https://doi.org/10.1021/acs.jpca.8b05237},
    doi = {10.1021/acs.jpca.8b05237},
    issn = {15205215}
}

@article{Fothergill2018AbDyesb,
    title = {{Ab Initio Studies of Exciton Interactions of Cy5 Dyes}},
    year = {2018},
    journal = {Journal of Physical Chemistry A},
    author = {Fothergill, Jenny W and Hernandez, Andres C and Knowlton, William B and Yurke, Bernard and Li, Lan},
    number = {46},
    month = {11},
    pages = {8989--8997},
    volume = {122},
    url = {https://doi.org/10.1021/acs.jpca.8b05237},
    doi = {10.1021/acs.jpca.8b05237},
    issn = {15205215}
}

@article{Gopinath2018AbsoluteShapes,
    title = {{Absolute and arbitrary orientation of single molecule shapes}},
    year = {2018},
    journal = {arXiv:1808.04544 [cond-mat, physics:physics]},
    author = {Gopinath, Ashwin and Thachuk, Chris and Mitskovets, Anya and Atwater, Harry A and Kirkpatrick, David and Rothemund, Paul W K},
    month = {8},
    url = {http://arxiv.org/abs/1808.04544},
    arxivId = {1808.04544},
    keywords = {Condensed Matter - Mesoscale and Nanoscale Physics, Condensed Matter - Soft Condensed Matter, Physics - Applied Physics, Physics - Atomic and Molecular Clusters, Physics - Biological Physics},
    language = {en}
}

@article{Gopinath2018AbsoluteShapesb,
    title = {{Absolute and arbitrary orientation of single molecule shapes}},
    year = {2018},
    journal = {arXiv:1808.04544 [cond-mat, physics:physics]},
    author = {Gopinath, Ashwin and Thachuk, Chris and Mitskovets, Anya and Atwater, Harry A and Kirkpatrick, David and Rothemund, Paul W K},
    month = {8},
    url = {http://arxiv.org/abs/1808.04544},
    keywords = {Condensed Matter - Mesoscale and Nanoscale Physics, Condensed Matter - Soft Condensed Matter, Physics - Applied Physics, Physics - Atomic and Molecular Clusters, Physics - Biological Physics}
}

@article{Hwang1998AbsorptionGroup,
    title = {{Absorption Spectra and Electrophotographic Properties of Squarylium Dyes Containing a Nitro group}},
    year = {1998},
    journal = {Dyes and Pigments},
    author = {Hwang, Seok Hwan and Kim, Nok Kyung and Koh, Kwang Nak and Kim, Sung Hoon},
    number = {4},
    month = {12},
    pages = {359--369},
    volume = {39},
    publisher = {Elsevier BV},
    doi = {10.1016/S0143-7208(98)00021-7},
    issn = {01437208},
    keywords = {Dark decay, Electrophotographic, Organic photoreceptor, Photosensitivity, Squarylium dye}
}

@article{Macphee2013AcademicPatterns,
    title = {{Academic self-efficacy and performance of underrepresented STEM majors: Gender, ethnic, and social class patterns}},
    year = {2013},
    journal = {Analyses of Social Issues and Public Policy},
    author = {Macphee, David and Farro, Samantha and Canetto, Silvia Sara},
    number = {1},
    month = {12},
    pages = {347--369},
    volume = {13},
    publisher = {John Wiley {\&} Sons, Ltd},
    doi = {10.1111/asap.12033},
    issn = {15297489}
}

@article{Akaike2018AdvancedInterfaces,
    title = {{Advanced understanding on electronic structure of molecular semiconductors and their interfaces}},
    year = {2018},
    journal = {Japanese Journal of Applied Physics PROGRESS REVIEWS},
    author = {Akaike, Kouki},
    pages = {3--03},
    volume = {57},
    url = {https://doi.org/10.7567/JJAP.57.03EA03},
    doi = {10.7567/JJAP.57.03EA03}
}

@article{Korte2009AdvancesCharacterization,
    title = {{Advances in a-Si:H/c-Si heterojunction solar cell fabrication and characterization}},
    year = {2009},
    journal = {Solar Energy Materials and Solar Cells},
    author = {Korte, L and Conrad, E and Angermann, H and Stangl, R and Schmidt, M},
    number = {6-7},
    pages = {905--910},
    volume = {93},
    doi = {10.1016/j.solmat.2008.10.020},
    issn = {09270248},
    keywords = {Amorphous silicon, Heterojunction, High efficiency, Silicon}
}

@misc{Hu2013AdvancesDyes,
    title = {{Advances in synthesis and application of near-infrared absorbing squaraine dyes}},
    year = {2013},
    booktitle = {RSC Advances},
    author = {Hu, Lei and Yan, Zhengquan and Xu, Hongyao},
    number = {21},
    month = {6},
    pages = {7667--7676},
    volume = {3},
    doi = {10.1039/c3ra23048a},
    issn = {20462069}
}

@article{DAvino2006AggregatesStates,
    title = {{Aggregates of quadrupolar dyes: Giant two-photon absorption from biexciton states}},
    year = {2006},
    journal = {Journal of Physical Chemistry B},
    author = {D'Avino, Gabriele and Terenziani, Francesca and Painelli, Anna},
    number = {51},
    month = {12},
    pages = {25590--25592},
    volume = {110},
    publisher = {American Chemical Society},
    doi = {10.1021/jp0673361},
    issn = {15206106}
}

@article{Lehmann1988AggregationMonolayers,
    title = {{Aggregation of cyanine dyes at Langmuir-Blodgett monolayers}},
    year = {1988},
    journal = {Thin Solid Films},
    author = {Lehmann, Urs},
    number = {1-2},
    month = {6},
    pages = {257--269},
    volume = {160},
    publisher = {Elsevier},
    doi = {10.1016/0040-6090(88)90069-7},
    issn = {00406090}
}

@article{Block2004AlternatingInteraction,
    title = {{Alternating (squaraine-receptor) sensory polymers: Modular one-pot synthesis and signal transduction via conformationally controlled exciton interaction}},
    year = {2004},
    journal = {Macromolecules},
    author = {Block, Marco A.Balbo and Hecht, Stefan},
    number = {13},
    month = {6},
    pages = {4761--4769},
    volume = {37},
    publisher = { American Chemical Society },
    doi = {10.1021/ma049551q},
    issn = {00249297}
}

@incollection{Morigaki2017AmorphousProperties,
    title = {{Amorphous semiconductors: structure, optical, and electrical properties}},
    year = {2017},
    booktitle = {Springer Handbooks},
    author = {Morigaki, Kazuo and Ogihara, Chisato},
    pages = {1},
    publisher = {Springer},
    doi = {10.1007/978-3-319-48933-9{\_}24},
    issn = {25228706}
}

@article{Kellis2019AnPhases,
    title = {{An All-Optical Excitonic Switch Operated in the Liquid and Solid Phases}},
    year = {2019},
    journal = {ACS Nano},
    author = {Kellis, Donald L and Sarter, Christopher and Cannon, Brittany L and Davis, Paul H and Graugnard, Elton and Lee, Jeunghoon and Pensack, Ryan D and Kolmar, Theresa and J{\"{a}}schke, Andres and Yurke, Bernard and Knowlton, William B},
    number = {3},
    month = {3},
    pages = {2986--2994},
    volume = {13},
    publisher = {American Chemical Society},
    doi = {10.1021/acsnano.8b07504},
    issn = {1936086X},
    keywords = {DNA nanotechnology, all-optical switch, excitonic transfer, fret, photochromic nucleotide}
}

@techreport{ArshadHussainAnFRET,
    title = {{An Introduction to Fluorescence Resonance Energy Transfer (FRET)}},
    author = {Arshad Hussain, Syed},
    url = {http://www.geocities.com/sa_h153/;},
    keywords = {Donor-acceptor pair, Fluorescence Resonance Energy Transfer (FRET), F{\"{o}}rster radius}
}

@techreport{ArshadHussainAnFRETb,
    title = {{An Introduction to Fluorescence Resonance Energy Transfer (FRET)}},
    author = {Arshad Hussain, Syed},
    url = {http://www.geocities.com/sa_h153/;},
    keywords = {Donor-acceptor pair, Fluorescence Resonance Energy Transfer (FRET), F{\"{o}}rster radius}
}

@inproceedings{Ferlauto2004AnalyticalCells,
    title = {{Analytical model for the optical functions of amorphous semiconductors and its applications for thin film solar cells}},
    year = {2004},
    booktitle = {Thin Solid Films},
    author = {Ferlauto, A S and Ferreira, G M and Pearce, J M and Wronski, C R and Collins, R W and Deng, X and Ganguly, G},
    doi = {10.1016/j.tsf.2003.11.234},
    issn = {00406090},
    keywords = {Amorphous semiconductors, Amorphous silicon (a-Si:H) alloys, Amorphous silicon solar cells, Dielectric function parameterization, Tauc-Lorentz formula}
}

@article{Kumar2018AnomalousInterfaces,
    title = {{Anomalous diffusion along metal/ceramic interfaces}},
    year = {2018},
    journal = {Nature Communications},
    author = {Kumar, Aakash and Barda, Hagit and Klinger, Leonid and Finnis, Michael W. and Lordi, Vincenzo and Rabkin, Eugen and Srolovitz, David J.},
    number = {1},
    month = {12},
    volume = {9},
    publisher = {Nature Publishing Group},
    doi = {10.1038/s41467-018-07724-7},
    issn = {20411723},
    arxivId = {1807.04708}
}

@misc{Chen2019ApplicationNanomedicines,
    title = {{Application of F{\"{o}}rster Resonance Energy Transfer (FRET) technique to elucidate intracellular and In Vivo biofate of nanomedicines}},
    year = {2019},
    booktitle = {Advanced Drug Delivery Reviews},
    author = {Chen, Tongkai and He, Bing and Tao, Jingsong and He, Yuan and Deng, Hailiang and Wang, Xueqing and Zheng, Ying},
    month = {3},
    pages = {177--205},
    volume = {143},
    publisher = {Elsevier B.V.},
    doi = {10.1016/j.addr.2019.04.009},
    issn = {18728294},
    keywords = {Biofate, F{\"{o}}rster Resonance Energy Transfer (FRET), Integrity, Lipid-based nanoparticles, Micelles, Nanomedicines, Polymeric Nanoparticles}
}

@misc{DuarteRamosMatos2017ApproachesDatabase,
    title = {{Approaches for Calculating Solvation Free Energies and Enthalpies Demonstrated with an Update of the FreeSolv Database}},
    year = {2017},
    booktitle = {Journal of Chemical and Engineering Data},
    author = {Duarte Ramos Matos, Guilherme and Kyu, Daisy Y. and Loeffler, Hannes H. and Chodera, John D. and Shirts, Michael R. and Mobley, David L.},
    number = {5},
    month = {5},
    pages = {1559--1569},
    volume = {62},
    publisher = {American Chemical Society},
    doi = {10.1021/acs.jced.7b00104},
    issn = {15205134}
}

@misc{Erbas-Cakmak2015ArtificialMachines,
    title = {{Artificial Molecular Machines}},
    year = {2015},
    booktitle = {Chemical Reviews},
    author = {Erbas-Cakmak, Sundus and Leigh, David A. and McTernan, Charlie T. and Nussbaumer, Alina L.},
    number = {18},
    pages = {10081--10206},
    volume = {115},
    publisher = {American Chemical Society},
    doi = {10.1021/acs.chemrev.5b00146},
    issn = {15206890},
    pmid = {26346838}
}

@misc{Kassem2017ArtificialMotors,
    title = {{Artificial molecular motors}},
    year = {2017},
    booktitle = {Chemical Society Reviews},
    author = {Kassem, Salma and Van Leeuwen, Thomas and Lubbe, Anouk S. and Wilson, Miriam R. and Feringa, Ben L. and Leigh, David A.},
    number = {9},
    month = {5},
    pages = {2592--2621},
    volume = {46},
    publisher = {Royal Society of Chemistry},
    doi = {10.1039/c7cs00245a},
    issn = {14604744},
    pmid = {28426052}
}

@article{Buckhout-White2014AssemblingScaffolds,
    title = {{Assembling programmable FRET-based photonic networks using designer DNA scaffolds}},
    year = {2014},
    journal = {Nature Communications},
    author = {Buckhout-White, Susan and Spillmann, Christopher M. and Algar, W. Russ and Khachatrian, Ani and Melinger, Joseph S. and Goldman, Ellen R. and Ancona, Mario G. and Medintz, Igor L.},
    number = {1},
    month = {12},
    pages = {1--16},
    volume = {5},
    publisher = {Nature Publishing Group},
    doi = {10.1038/ncomms6615},
    issn = {20411723},
    keywords = {DNA nanostructures, Fluorescence resonance energy transfer}
}

@article{Chalabala2018AssessmentDimer,
    title = {{Assessment of Real-Time Time-Dependent Density Functional Theory (RT-TDDFT) in Radiation Chemistry: Ionized Water Dimer}},
    year = {2018},
    journal = {Journal of Physical Chemistry A},
    author = {Chalabala, Jan and Uhlig, Frank and Slav{\'{i}}{\v{c}}ek, Petr},
    number = {12},
    month = {3},
    pages = {3227--3237},
    volume = {122},
    publisher = {American Chemical Society},
    doi = {10.1021/acs.jpca.8b01259},
    issn = {15205215}
}

@article{Ernzerhof1999AssessmentFunctional,
    title = {{Assessment of the Perdew-Burke-Ernzerhof exchange-correlation functional}},
    year = {1999},
    journal = {Journal of Chemical Physics},
    author = {Ernzerhof, Matthias and Scuseria, Gustavo E},
    number = {11},
    month = {3},
    pages = {5029--5036},
    volume = {110},
    url = {http://aip.scitation.org/doi/10.1063/1.478401},
    doi = {10.1063/1.478401},
    issn = {00219606},
    language = {en}
}

@article{Ernzerhof1999AssessmentFunctionalb,
    title = {{Assessment of the {\{}Perdew{\}}–{\{}Burke{\}}–{\{}Ernzerhof{\}} exchange-correlation functional}},
    year = {1999},
    journal = {The Journal of Chemical Physics},
    author = {Ernzerhof, Matthias and Scuseria, Gustavo E},
    number = {11},
    month = {3},
    pages = {5029--5036},
    volume = {110},
    url = {http://aip.scitation.org/doi/10.1063/1.478401},
    doi = {10.1063/1.478401},
    issn = {0021-9606, 1089-7690}
}

@article{Leahy-Hoppa2006AtomisticPolymers,
    title = {{Atomistic Molecular Modeling of the Effect of Chromophore Concentration on the Electro-optic Coefficient in Nonlinear Optical Polymers}},
    year = {2006},
    journal = {The Journal of Physical Chemistry A},
    author = {Leahy-Hoppa, M R and Cunningham, P D and French, J A and Hayden, L M},
    number = {17},
    month = {5},
    pages = {5792--5797},
    volume = {110},
    url = {https://pubs.acs.org/doi/10.1021/jp0565397},
    doi = {10.1021/jp0565397},
    issn = {1089-5639, 1520-5215},
    language = {en}
}

@article{Hanwell2012Avogadro:Platform,
    title = {{Avogadro: an advanced semantic chemical editor, visualization, and analysis platform}},
    year = {2012},
    journal = {Journal of Cheminformatics},
    author = {Hanwell, Marcus D and Curtis, Donald E and Lonie, David C and Vandermeersch, Tim and Zurek, Eva and Hutchison, Geoffrey R},
    number = {1},
    pages = {17},
    volume = {4},
    url = {https://doi.org/10.1186/1758-2946-4-17},
    doi = {10.1186/1758-2946-4-17},
    issn = {1758-2946}
}

@article{Davidson1986BasisCalculations,
    title = {{Basis set selection for molecular calculations}},
    year = {1986},
    journal = {Chemical Reviews},
    author = {Davidson, Ernest R and Feller, David},
    number = {4},
    month = {8},
    pages = {681--696},
    volume = {86},
    url = {https://pubs.acs.org/doi/abs/10.1021/cr00074a002},
    doi = {10.1021/cr00074a002},
    issn = {0009-2665, 1520-6890}
}

@article{Shinde2016BenchmarkingWheels,
    title = {{Benchmarking Quantum Chemical Methods for Optical Absorption in Boron Wheels}},
    year = {2016},
    journal = {ACS Omega},
    author = {Shinde, Ravindra},
    number = {4},
    month = {10},
    pages = {578--585},
    volume = {1},
    url = {https://pubs.acs.org/doi/10.1021/acsomega.6b00159},
    doi = {10.1021/acsomega.6b00159},
    issn = {2470-1343, 2470-1343},
    language = {en}
}

@misc{Purchase2015BiosolarYield,
    title = {{Biosolar cells: Global artificial photosynthesis needs responsive matrices with quantum coherent kinetic control for high yield}},
    year = {2015},
    booktitle = {Interface Focus},
    author = {Purchase, R. L. and De Groot, H. J.M.},
    number = {3},
    pages = {1--16},
    volume = {5},
    publisher = {Royal Society of London},
    doi = {10.1098/rsfs.2015.0014},
    issn = {20428901},
    keywords = {Artificial photosynthesis, Charge separation, Non-adiabatic coupling, Quantum biology, Responsive matrix, Solar fuel}
}

@misc{Purchase2015BiosolarYieldb,
    title = {{Biosolar cells: Global artificial photosynthesis needs responsive matrices with quantum coherent kinetic control for high yield}},
    year = {2015},
    booktitle = {Interface Focus},
    author = {Purchase, R. L. and De Groot, H. J.M.},
    number = {3},
    pages = {1--16},
    volume = {5},
    publisher = {Royal Society of London},
    doi = {10.1098/rsfs.2015.0014},
    issn = {20428901},
    keywords = {Artificial photosynthesis, Charge separation, Non-adiabatic coupling, Quantum biology, Responsive matrix, Solar fuel}
}

@article{Xiao2018Butterfly-shapedPhotovoltaics,
    title = {{Butterfly-shaped asymmetric squaraine dimers for organic photovoltaics}},
    year = {2018},
    journal = {Journal of Materials Chemistry C},
    author = {Xiao, Qi and Li, Yibin and Wu, Fei and Han, Mengmeng and Xie, Meiling and Li, Zhen and Zhu, Linna and Li, Zhong'An},
    number = {39},
    month = {10},
    pages = {10547--10556},
    volume = {6},
    publisher = {Royal Society of Chemistry},
    doi = {10.1039/c8tc03781g},
    issn = {20507526}
}

@article{Guillaumont2000CalculationTD-DFT,
    title = {{Calculation of the absorption wavelength of dyes using time-dependent density-functional theory (TD-DFT)}},
    year = {2000},
    journal = {Dyes and Pigments},
    author = {Guillaumont, Dominique and Nakamura, Shinichiro},
    number = {2},
    month = {8},
    pages = {85--92},
    volume = {46},
    publisher = {Elsevier Science Ltd},
    doi = {10.1016/S0143-7208(00)00030-9},
    issn = {01437208},
    keywords = {Absorption wavelength, Organic dyes, Oscillator strength, TDDFT}
}

@techreport{Case1,
    title = {{Case Study 1}}
}

@incollection{Boschloo2006ChapterApplications,
    title = {{Chapter 8 - Dye-Sensitized Nanostructured ZnO Electrodes for Solar Cell Applications}},
    year = {2006},
    booktitle = {Nanostructured Materials for Solar Energy Conversion},
    author = {Boschloo, Gerrit and Edvinsson, Tomas and Hagfeldt, Anders},
    editor = {Soga, Tetsuo},
    month = {1},
    pages = {227--254},
    publisher = {Elsevier},
    url = {http://www.sciencedirect.com/science/article/pii/B9780444528445500093},
    address = {Amsterdam},
    isbn = {978-0-444-52844-5},
    doi = {10.1016/B978-044452844-5/50009-3},
    language = {en}
}

@article{Shukla2016Characterizationdispersion,
    title = {{Characterization of N⋯O non-covalent interactions involving {$\sigma$}-holes: "Electrostatics" or "dispersion"}},
    year = {2016},
    journal = {Physical Chemistry Chemical Physics},
    author = {Shukla, Rahul and Chopra, Deepak},
    number = {43},
    month = {11},
    pages = {29946--29954},
    volume = {18},
    publisher = {Royal Society of Chemistry},
    doi = {10.1039/c6cp05899j},
    issn = {14639076}
}

@article{Shirota2006ChargeDevices,
    title = {{Charge Carrier Transporting Molecular Materials and Their Applications in Devices}},
    year = {2006},
    author = {Shirota, Yasuhiko and Kageyama, Hiroshi},
    doi = {10.1021/cr050143}
}

@article{daSilva2015ChemiexcitationBioluminophore,
    title = {{Chemiexcitation Induced Proton Transfer: Enolate Oxyluciferin as the Firefly Bioluminophore}},
    shorttitle = {Chemiexcitation Induced Proton Transfer},
    year = {2015},
    journal = {The Journal of Physical Chemistry B},
    author = {da Silva, Luís and da Silva, Joaquim C G},
    number = {6},
    month = {2},
    pages = {2140--2148},
    volume = {119},
    url = {https://pubs.acs.org/doi/10.1021/jp5036458},
    doi = {10.1021/jp5036458},
    issn = {1520-6106, 1520-5207},
    language = {en}
}

@article{Madsen2019ChemistriesNanotechnology,
    title = {{Chemistries for DNA Nanotechnology}},
    year = {2019},
    journal = {Chemical Reviews},
    author = {Madsen, Mikael and Gothelf, Kurt V},
    month = {2},
    pages = {acs.chemrev.8b00570},
    url = {https://pubs.acs.org/doi/10.1021/acs.chemrev.8b00570},
    doi = {10.1021/acs.chemrev.8b00570},
    issn = {0009-2665, 1520-6890},
    language = {en}
}

@article{Fletcher2005Chemistry:Energy,
    title = {{Chemistry: A reversible, unidirectional molecular rotary motor driven by chemical energy}},
    year = {2005},
    journal = {Science},
    author = {Fletcher, Stephen P. and Dumur, Frédéric and Pollard, Michael M. and Feringa, Ben L.},
    number = {5745},
    month = {10},
    pages = {80--82},
    volume = {310},
    doi = {10.1126/science.1117090},
    issn = {00368075}
}

@article{Cannon2017CoherentSystem,
    title = {{Coherent Exciton Delocalization in a Two-State DNA-Templated Dye Aggregate System}},
    year = {2017},
    journal = {The Journal of Physical Chemistry A},
    author = {Cannon, Brittany L and Kellis, Donald L and Patten, Lance K and Davis, Paul H and Lee, Jeunghoon and Graugnard, Elton and Yurke, Bernard and Knowlton, William B},
    number = {37},
    month = {9},
    pages = {6905--6916},
    volume = {121},
    url = {https://doi.org/10.1021/acs.jpca.7b04344},
    doi = {10.1021/acs.jpca.7b04344},
    issn = {1089-5639}
}

@article{Cannon2017CoherentSystemb,
    title = {{Coherent Exciton Delocalization in a Two-State DNA-Templated Dye Aggregate System}},
    year = {2017},
    journal = {Journal of Physical Chemistry A},
    author = {Cannon, Brittany L. and Kellis, Donald L. and Patten, Lance K. and Davis, Paul H. and Lee, Jeunghoon and Graugnard, Elton and Yurke, Bernard and Knowlton, William B.},
    number = {37},
    month = {9},
    pages = {6905--6916},
    volume = {121},
    publisher = {American Chemical Society},
    doi = {10.1021/acs.jpca.7b04344},
    issn = {15205215}
}

@article{Agranovich1968CollectiveExcitons,
    title = {{Collective properties of Frenkel excitons}},
    year = {1968},
    journal = {Sov. Phys. JETP},
    author = {Agranovich, Vm and Toshich, Bs},
    number = {1},
    pages = {104--112},
    volume = {26},
    url = {http://www.jetp.ac.ru/cgi-bin/dn/e_026_01_0104.pdf},
    language = {en}
}

@article{Huang2012CombiningSemiconductors,
    title = {{Combining electron-neutral building blocks with intramolecular "conformational locks" affords stable, high-mobility P- and N-channel polymer semiconductors}},
    year = {2012},
    journal = {Journal of the American Chemical Society},
    author = {Huang, Hui and Chen, Zhihua and Ortiz, Rocio Ponce and Newman, Christopher and Usta, Hakan and Lou, Sylvia and Youn, Jangdae and Noh, Yong Young and Baeg, Kang Jun and Chen, Lin X. and Facchetti, Antonio and Marks, Tobin},
    number = {26},
    month = {7},
    pages = {10966--10973},
    volume = {134},
    publisher = {American Chemical Society},
    doi = {10.1021/ja303401s},
    issn = {15205126}
}

@article{Lichtenstein2010ComparingProgrammatic,
    title = {{Comparing the undergraduate experience of engineers to all other majors: Significant differences are programmatic}},
    year = {2010},
    journal = {Journal of Engineering Education},
    author = {Lichtenstein, Gary and Mccormick, Alexander C. and Sheppard, Sheri D. and Puma, Jini},
    number = {4},
    pages = {305--317},
    volume = {99},
    publisher = {Wiley-Blackwell Publishing Ltd},
    doi = {10.1002/j.2168-9830.2010.tb01065.x},
    issn = {10694730},
    keywords = {Persistence, Student engagement, Undergraduate major}
}

@article{Markova2013ComparisonLabels,
    title = {{Comparison of a series of hydrophilic squaraine and cyanine dyes for use as biological labels}},
    year = {2013},
    journal = {Dyes and Pigments},
    author = {Markova, Larysa I and Terpetschnig, Ewald A and Patsenker, Leonid D},
    number = {3},
    month = {12},
    pages = {561--570},
    volume = {99},
    url = {https://linkinghub.elsevier.com/retrieve/pii/S0143720813002362},
    doi = {10.1016/j.dyepig.2013.06.022},
    issn = {01437208},
    keywords = {Aggregation, Cyanines, Fluorescence lifetime, IgG-conjugates, Quantum yields, Squaraines}
}

@article{Markova2013ComparisonLabelsb,
    title = {{Comparison of a series of hydrophilic squaraine and cyanine dyes for use as biological labels}},
    year = {2013},
    journal = {Dyes and Pigments},
    author = {Markova, Larysa I. and Terpetschnig, Ewald A. and Patsenker, Leonid D.},
    number = {3},
    month = {12},
    pages = {561--570},
    volume = {99},
    publisher = {Elsevier},
    doi = {10.1016/j.dyepig.2013.06.022},
    issn = {01437208},
    keywords = {Aggregation, Cyanines, Fluorescence lifetime, IgG-conjugates, Quantum yields, Squaraines}
}

@article{Majikes2016CompetitiveOrigami,
    title = {{Competitive annealing of multiple DNA origami: Formation of chimeric origami}},
    shorttitle = {Competitive annealing of multiple DNA origami},
    year = {2016},
    journal = {New Journal of Physics},
    author = {Majikes, Jacob M and Nash, Jessica A and LaBean, Thomas H},
    number = {11},
    month = {11},
    pages = {115001},
    volume = {18},
    url = {http://stacks.iop.org/1367-2630/18/i=11/a=115001?key=crossref.dc2a7352b18cfcaf18506d27901feab7},
    doi = {10.1088/1367-2630/18/11/115001},
    issn = {13672630},
    keywords = {DNAorigami, chimeric origami, programmed molecular assembly, structuralDNAnanotechnology},
    language = {en}
}

@article{Eilert2018CompleteFRET,
    title = {{Complete Kinetic Theory of FRET}},
    year = {2018},
    journal = {The Journal of Physical Chemistry B},
    author = {Eilert, Tobias and Kallis, Eleni and Nagy, Julia and R{\"{o}}cker, Carlheinz and Michaelis, Jens},
    number = {49},
    month = {12},
    pages = {11677--11694},
    volume = {122},
    url = {https://doi.org/10.1021/acs.jpcb.8b07719},
    doi = {10.1021/acs.jpcb.8b07719},
    issn = {1520-6106}
}

@article{Eilert2018CompleteFRETb,
    title = {{Complete Kinetic Theory of FRET}},
    year = {2018},
    journal = {Journal of Physical Chemistry B},
    author = {Eilert, Tobias and Kallis, Eleni and Nagy, Julia and R{\"{o}}cker, Carlheinz and Michaelis, Jens},
    number = {49},
    month = {12},
    pages = {11677--11694},
    volume = {122},
    publisher = {American Chemical Society},
    doi = {10.1021/acs.jpcb.8b07719},
    issn = {15205207}
}

@article{Huang2013ComputationalCompounds,
    title = {{Computational prediction for singlet- and triplet-transition energies of charge-transfer compounds}},
    year = {2013},
    journal = {Journal of Chemical Theory and Computation},
    author = {Huang, Shuping and Zhang, Qisheng and Shiota, Yoshihito and Nakagawa, Tetsuya and Kuwabara, Kazuhiro and Yoshizawa, Kazunari and Adachi, Chihaya},
    number = {9},
    pages = {3872--3877},
    volume = {9},
    doi = {10.1021/ct400415r},
    issn = {15499618},
    language = {en}
}

@article{Maeda2013ConformationalCells,
    title = {{Conformational effect of symmetrical squaraine dyes on the performance of dye-sensitized solar cells}},
    year = {2013},
    journal = {Journal of Materials Chemistry A},
    author = {Maeda, Takeshi and Mineta, Shohei and Fujiwara, Hideki and Nakao, Hidekazu and Yagi, Shigeyuki and Nakazumi, Hiroyuki},
    number = {4},
    month = {1},
    pages = {1303--1309},
    volume = {1},
    publisher = {The Royal Society of Chemistry},
    doi = {10.1039/c2ta00883a},
    issn = {20507488}
}

@article{Maeda2013ConformationalCellsb,
    title = {{Conformational effect of symmetrical squaraine dyes on the performance of dye-sensitized solar cells}},
    year = {2013},
    journal = {Journal of Materials Chemistry A},
    author = {Maeda, Takeshi and Mineta, Shohei and Fujiwara, Hideki and Nakao, Hidekazu and Yagi, Shigeyuki and Nakazumi, Hiroyuki},
    number = {4},
    month = {1},
    pages = {1303--1309},
    volume = {1},
    publisher = {The Royal Society of Chemistry},
    doi = {10.1039/c2ta00883a},
    issn = {20507488}
}

@article{Maeda2013ConformationalCellsc,
    title = {{Conformational effect of symmetrical squaraine dyes on the performance of dye-sensitized solar cells}},
    year = {2013},
    journal = {Journal of Materials Chemistry A},
    author = {Maeda, Takeshi and Mineta, Shohei and Fujiwara, Hideki and Nakao, Hidekazu and Yagi, Shigeyuki and Nakazumi, Hiroyuki},
    number = {4},
    month = {1},
    pages = {1303--1309},
    volume = {1},
    publisher = {The Royal Society of Chemistry},
    doi = {10.1039/c2ta00883a},
    issn = {20507488}
}

@techreport{Kazmaier1990ConformationalSquaraines,
    title = {{Conformational isomerism in squaraines: saturation transfer NMR studies on hydroxy squaraines}},
    year = {1990},
    booktitle = {Can. J. Chem},
    author = {Kazmaier, Peter M and Hamer, Gordon K and Burt, Richard A},
    pages = {530},
    volume = {68},
    url = {www.nrcresearchpress.com},
    keywords = {NMR Mots clis : squara'ines, RMN [Traduit par la revue], saturation transfer, squaraines, transfert de saturation}
}

@article{Zheng2015ContributionDevices,
    title = {{Contribution of Aggregate States and Energetic Disorder to a Squaraine System Targeted for Organic Photovoltaic Devices}},
    year = {2015},
    journal = {Langmuir},
    author = {Zheng, Chenyu and Penmetcha, Anirudh Raju and Cona, Brandon and Spencer, Susan D. and Zhu, Bi and Heaphy, Patrick and Cody, Jeremy A. and Collison, Christopher J.},
    number = {28},
    month = {7},
    pages = {7717--7726},
    volume = {31},
    publisher = {American Chemical Society},
    doi = {10.1021/acs.langmuir.5b01045},
    issn = {15205827}
}

@article{Jackson2013ControllingInteractions,
    title = {{Controlling conformations of conjugated polymers and small molecules: The role of nonbonding interactions}},
    year = {2013},
    journal = {Journal of the American Chemical Society},
    author = {Jackson, Nicholas E. and Savoie, Brett M. and Kohlstedt, Kevin L. and Olvera De La Cruz, Monica and Schatz, George C. and Chen, Lin X. and Ratner, Mark A.},
    number = {28},
    month = {7},
    pages = {10475--10483},
    volume = {135},
    publisher = {American Chemical Society},
    doi = {10.1021/ja403667s},
    issn = {00027863}
}

@article{Jackson2013ControllingInteractionsb,
    title = {{Controlling conformations of conjugated polymers and small molecules: The role of nonbonding interactions}},
    year = {2013},
    journal = {Journal of the American Chemical Society},
    author = {Jackson, Nicholas E. and Savoie, Brett M. and Kohlstedt, Kevin L. and Olvera De La Cruz, Monica and Schatz, George C. and Chen, Lin X. and Ratner, Mark A.},
    number = {28},
    month = {7},
    pages = {10475--10483},
    volume = {135},
    doi = {10.1021/ja403667s},
    issn = {00027863}
}

@article{Xia2018ControllingAdjustment,
    title = {{Controlling Crystal Structures and Multiple Thermo- and Vapochromic Behaviors of Benzimidazole-Based Squaraine Dyes by Molecular Design and Solvent Adjustment}},
    year = {2018},
    journal = {Chemistry - A European Journal},
    author = {Xia, Guomin and Shen, Shen and Hu, Xin-Ming and Jiang, Zhengjun and Xu, Kaikai and Wang, Mingda and Wang, Hongming},
    number = {50},
    month = {9},
    pages = {13205--13212},
    volume = {24},
    publisher = {Wiley-VCH Verlag},
    url = {http://doi.wiley.com/10.1002/chem.201801518},
    doi = {10.1002/chem.201801518},
    issn = {09476539},
    keywords = {fluorescent microcrystals, pi interactions, self-assembly, sensors, vapochromism}
}

@article{Spencer2014ControllingDonor,
    title = {{Controlling J-aggregate formation for increased short-circuit current and power conversion efficiency with a squaraine donor}},
    year = {2014},
    journal = {Progress in Photovoltaics: Research and Applications},
    author = {Spencer, Susan and Hu, Harry and Li, Qimeng and Ahn, Hyo Yang and Qaddoura, Maher and Yao, Sheng and Ioannidis, Andronique and Belfield, Kevin and Collison, Christopher J.},
    number = {4},
    pages = {488--493},
    volume = {22},
    publisher = {John Wiley and Sons Ltd},
    doi = {10.1002/pip.2289},
    issn = {1099159X},
    keywords = {aggregates, organic photovoltaic cells, squaraines}
}

@article{Mayerhoffer2012CooperativeDyes,
    title = {{Cooperative self-assembly of squaraine dyes}},
    year = {2012},
    journal = {Chemical Science},
    author = {Mayerh{\"{o}}ffer, Ulrich and W{\"{u}}rthner, Frank},
    number = {4},
    pages = {1215--1220},
    volume = {3},
    publisher = {Royal Society of Chemistry},
    doi = {10.1039/c2sc00996j},
    issn = {20416539}
}

@article{Ong2018CounterspacesSuccess,
    title = {{Counterspaces for women of color in STEM higher education: Marginal and central spaces for persistence and success}},
    year = {2018},
    journal = {Journal of Research in Science Teaching},
    author = {Ong, Maria and Smith, Janet M. and Ko, Lily T.},
    number = {2},
    month = {2},
    pages = {206--245},
    volume = {55},
    publisher = {John Wiley and Sons Inc.},
    url = {http://doi.wiley.com/10.1002/tea.21417},
    doi = {10.1002/tea.21417},
    issn = {10982736},
    keywords = {counterspaces, diversity, equity, gender, intersectionality, persistence, postsecondary education, race/ethnicity, women of color}
}

@article{Kuster2015CoupledPendulums,
    title = {{Coupled {$\pi$}-conjugated chromophores: Squaraine dye dimers as two connected pendulums}},
    year = {2015},
    journal = {Dyes and Pigments},
    author = {Kuster, Simon and Geiger, Thomas},
    pages = {110--116},
    volume = {113},
    publisher = {Elsevier Ltd},
    doi = {10.1016/j.dyepig.2014.08.001},
    issn = {01437208},
    keywords = {Dimer, Dye, Molecular modelling, NIR, Organic synthesis, Squaraine}
}

@article{Moreira2015Cy3Model,
    title = {{Cy3 and {\{}Cy{\}}5 dyes attached to oligonucleotide terminus stabilize {\{}DNA{\}} duplexes: {\{}Predictive{\}} thermodynamic model}},
    shorttitle = {Cy3 and {\{}Cy{\}}5 dyes attached to oligonucleotide ter},
    year = {2015},
    journal = {Biophysical Chemistry},
    author = {Moreira, Bernardo G and You, Yong and Owczarzy, Richard},
    month = {3},
    pages = {36--44},
    volume = {198},
    url = {https://linkinghub.elsevier.com/retrieve/pii/S0301462215000034},
    doi = {10.1016/j.bpc.2015.01.001},
    issn = {03014622}
}

@article{Spiriti2011Cy3-DNABasepair,
    title = {{Cy3-DNA stacking interactions strongly depend on the identity of the terminal basepair}},
    year = {2011},
    journal = {Biophysical Journal},
    author = {Spiriti, Justin and Binder, Jennifer K and Levitus, Marcia and Van Der Vaart, Arjan},
    number = {4},
    month = {2},
    pages = {1049--1057},
    volume = {100},
    publisher = {Biophysical Society},
    doi = {10.1016/j.bpj.2011.01.014},
    issn = {15420086}
}

@article{Zhong2019DavydovDimers,
    title = {{Davydov Splitting in Squaraine Dimers}},
    year = {2019},
    journal = {Journal of Physical Chemistry C},
    author = {Zhong, Chuwei and Bialas, David and Collison, Christopher J. and Spano, Frank C.},
    number = {30},
    pages = {18734--18745},
    volume = {123},
    publisher = {American Chemical Society},
    doi = {10.1021/acs.jpcc.9b05297},
    issn = {19327455}
}

@article{Maffeo2016DeSimulation,
    title = {{De novo reconstruction of DNA origami structures through atomistic molecular dynamics simulation}},
    year = {2016},
    journal = {Nucleic Acids Research},
    author = {Maffeo, Christopher and Yoo, Jejoong and Aksimentiev, Aleksei},
    number = {7},
    month = {4},
    pages = {3013--3019},
    volume = {44},
    url = {https://academic.oup.com/nar/article-lookup/doi/10.1093/nar/gkw155},
    doi = {10.1093/nar/gkw155},
    issn = {13624962},
    language = {en}
}

@article{Chen2018DensityCell,
    title = {{Density functional theory investigations of D-A-D' structural molecules as donor materials in organic solar cell}},
    year = {2018},
    journal = {Frontiers in Chemistry},
    author = {Chen, Junxian and Liu, Qingyu and Li, Hao and Zhao, Zhigang and Lu, Zhiyun and Huang, Yan and Xu, Dingguo},
    number = {JUN},
    month = {6},
    pages = {200},
    volume = {6},
    url = {https://www.frontiersin.org/article/10.3389/fchem.2018.00200/full},
    doi = {10.3389/fchem.2018.00200},
    issn = {22962646},
    keywords = {D-A-D' framework, DFT, Fill factor, Open-circuit voltage, Organic solar cell, Short-circuit current density, Squaraine},
    language = {en}
}

@article{Jang2004DensitySwitch,
    title = {{Density functional theory studies of the [2]rotaxane component of the Stoddart-Heath molecular switch}},
    year = {2004},
    journal = {Journal of the American Chemical Society},
    author = {Jang, Yun Hee and Hwang, Sungu and Kim, Yong Hoon and Jang, Seung Soon and Goddard, William A.},
    number = {39},
    month = {10},
    pages = {12636--12645},
    volume = {126},
    publisher = { American Chemical Society },
    doi = {10.1021/ja0385437},
    issn = {00027863}
}

@article{Sang-Aroon2012DensityCells,
    title = {{Density functional theory study on the electronic structure of Monascus dyes as photosensitizer for dye-sensitized solar cells}},
    year = {2012},
    journal = {Journal of Photochemistry and Photobiology A: Chemistry},
    author = {Sang-Aroon, Wichien and Saekow, Samarn and Amornkitbamrung, Vittaya},
    month = {5},
    pages = {35--40},
    volume = {236},
    doi = {10.1016/j.jphotochem.2012.03.014},
    issn = {10106030},
    keywords = {DFT calculations, Dye-sensitized solar cell, Monascus purpureus, Natural dyes, Natural pigments}
}

@article{Becke1993Density-functionalExchange,
    title = {{Density-functional thermochemistry. III. The role of exact exchange}},
    year = {1993},
    journal = {The Journal of Chemical Physics},
    author = {Becke, Axel D},
    number = {7},
    pages = {5648--5652},
    volume = {98},
    doi = {10.1063/1.464913},
    issn = {00219606}
}

@article{Funabiki2012DesignElectrodes,
    title = {{Design of NIR-absorbing simple asymmetric squaraine dyes carrying indoline moieties for use in dye-sensitized solar cells with Pt-free electrodes}},
    year = {2012},
    journal = {Organic Letters},
    author = {Funabiki, Kazumasa and Mase, Hiroyoshi and Saito, Yasuteru and Otsuka, Atsuhiro and Hibino, Atsuhiko and Tanaka, Nagisa and Miura, Hidetoshi and Himori, Yosuke and Yoshida, Tsukasa and Kubota, Yasuhiro and Matsui, Masaki},
    number = {5},
    month = {3},
    pages = {1246--1249},
    volume = {14},
    publisher = {American Chemical Society},
    doi = {10.1021/ol300054a},
    issn = {15237060}
}

@article{dosSantos2019DesigningInvestigation,
    title = {{Designing new quinoline-based organic photosensitizers for dye-sensitized solar cells (DSSC): a theoretical investigation}},
    year = {2019},
    journal = {Journal of Molecular Modeling},
    author = {dos Santos, Giovanny Carvalho and Oliveira, Eliezer Fernando and Lavarda, Francisco Carlos and da Silva-Filho, Luiz Carlos},
    number = {3},
    month = {3},
    pages = {1--13},
    volume = {25},
    publisher = {Springer Verlag},
    doi = {10.1007/s00894-019-3958-y},
    issn = {09485023},
    keywords = {DFT, Push-pull molecules, Quinoline derivatives}
}

@article{Li2015DeterminedMethod,
    title = {{Determined optical constants of liquid hydrocarbon fuel by a novel transmittance method}},
    year = {2015},
    journal = {Optik},
    author = {Li, Dong and Qi, Hanbing and Wu, Guozhong},
    number = {7-8},
    month = {4},
    pages = {834--837},
    volume = {126},
    publisher = {Urban und Fischer Verlag Jena},
    doi = {10.1016/j.ijleo.2015.02.062},
    issn = {00304026},
    keywords = {Chinese diesel fuel, Extinction coefficient, Optical constants, Refractive index}
}

@article{Kaiser2020DeterminingEfficiency,
    title = {{Determining Ultralow Absorption Coefficients of Organic Semiconductors from the Sub-Bandgap Photovoltaic External Quantum Efficiency}},
    year = {2020},
    journal = {Advanced Optical Materials},
    author = {Kaiser, Christina and Zeiske, Stefan and Meredith, Paul and Armin, Ardalan},
    number = {1},
    month = {1},
    pages = {1901542},
    volume = {8},
    publisher = {Wiley-VCH Verlag},
    url = {https://onlinelibrary.wiley.com/doi/abs/10.1002/adom.201901542},
    doi = {10.1002/adom.201901542},
    issn = {21951071},
    keywords = {absorption coefficient, external quantum efficiency, organic photodetectors, organic solar cells, sub-bandgap states}
}

@article{McGee2016DevaluedIdentities,
    title = {{Devalued Black and Latino Racial Identities}},
    year = {2016},
    journal = {American Educational Research Journal},
    author = {McGee, Ebony O.},
    number = {6},
    month = {12},
    pages = {1626--1662},
    volume = {53},
    publisher = {SAGE Publications Inc.},
    url = {http://journals.sagepub.com/doi/10.3102/0002831216676572},
    doi = {10.3102/0002831216676572},
    issn = {0002-8312},
    keywords = {STEM racial gap, STEM students of color, cultural bias, racial hostility in academia, stereotype management}
}

@article{Xu2010DFTCells,
    title = {{DFT and TD-DFT studies on symmetrical squaraine dyes for nanocrystalline solar cells}},
    year = {2010},
    journal = {Monatshefte fur Chemie},
    author = {Xu, Jie and Zhang, Hui and Wang, Lei and Liang, Guijie and Wang, Luoxin and Shen, Xiaolin and Xu, Weilin},
    number = {5},
    month = {5},
    pages = {549--555},
    volume = {141},
    url = {http://link.springer.com/10.1007/s00706-010-0298-0},
    doi = {10.1007/s00706-010-0298-0},
    issn = {00269247},
    keywords = {Absorption spectra, Density functional theory, Dye-sensitized solar cells, Electronic structures, Squaraine dyes},
    language = {en}
}

@article{Dolgonos2016DirectMethod,
    title = {{Direct optical band gap measurement in polycrystalline semiconductors: A critical look at the Tauc method}},
    year = {2016},
    journal = {Journal of Solid State Chemistry},
    author = {Dolgonos, Alex and Mason, Thomas O. and Poeppelmeier, Kenneth R.},
    month = {8},
    pages = {43--48},
    volume = {240},
    publisher = {Academic Press Inc.},
    doi = {10.1016/j.jssc.2016.05.010},
    issn = {1095726X},
    keywords = {Band gap, Degenerate doping, Diffuse-reflectance, ITO, Photoluminescence}
}

@article{Grimme2016Dispersion-CorrectedMethods,
    title = {{Dispersion-Corrected Mean-Field Electronic Structure Methods}},
    year = {2016},
    journal = {Chemical Reviews},
    author = {Grimme, Stefan and Hansen, Andreas and Brandenburg, Jan Gerit and Bannwarth, Christoph},
    number = {9},
    month = {5},
    pages = {5105--5154},
    volume = {116},
    url = {https://pubs.acs.org/doi/10.1021/acs.chemrev.5b00533},
    doi = {10.1021/acs.chemrev.5b00533},
    issn = {0009-2665, 1520-6890},
    language = {en}
}

@misc{Kuzyk2018DNANanophotonics,
    title = {{DNA Origami Route for Nanophotonics}},
    year = {2018},
    booktitle = {ACS Photonics},
    author = {Kuzyk, Anton and Jungmann, Ralf and Acuna, Guillermo P and Liu, Na},
    number = {4},
    month = {4},
    pages = {1151--1163},
    volume = {5},
    url = {https://pubs.acs.org/doi/10.1021/acsphotonics.7b01580},
    doi = {10.1021/acsphotonics.7b01580},
    issn = {23304022},
    language = {en}
}

@article{Huff2019DNA-TemplatedLifetimes,
    title = {{DNA-Templated Aggregates of Strongly Coupled Cyanine Dyes: Nonradiative Decay Governs Exciton Lifetimes}},
    year = {2019},
    journal = {Journal of Physical Chemistry Letters},
    author = {Huff, Jonathan S. and Davis, Paul H. and Christy, Allison and Kellis, Donald L. and Kandadai, Nirmala and Toa, Zi S.D. and Scholes, Gregory D. and Yurke, Bernard and Knowlton, William B. and Pensack, Ryan D.},
    number = {10},
    month = {5},
    pages = {2386--2392},
    volume = {10},
    publisher = {American Chemical Society},
    doi = {10.1021/acs.jpclett.9b00404},
    issn = {19487185}
}

@article{Wang2000DNA-templatedJ-aggregate,
    title = {{DNA-templated formation of a helical cyanine dye J-aggregate}},
    year = {2000},
    journal = {Journal of the American Chemical Society},
    author = {Wang, M. and Silva, G. L. and Armitage, B. A.},
    number = {41},
    month = {10},
    pages = {9977--9986},
    volume = {122},
    publisher = { American Chemical Society },
    doi = {10.1021/ja002184n},
    issn = {00027863}
}

@article{Gilad2014DockingIntercalators,
    title = {{Docking Studies on DNA Intercalators}},
    year = {2014},
    journal = {Journal of Chemical Information and Modeling},
    author = {Gilad, Yocheved and Senderowitz, Hanoch},
    number = {1},
    month = {1},
    pages = {96--107},
    volume = {54},
    url = {https://pubs.acs.org/doi/10.1021/ci400352t},
    doi = {10.1021/ci400352t},
    issn = {1549-9596, 1549-960X},
    language = {en}
}

@misc{Ijas2018DynamicSystems,
    title = {{Dynamic DNA origami devices: From strand-displacement reactions to external-stimuli responsive systems}},
    shorttitle = {Dynamic DNA Origami Devices},
    year = {2018},
    booktitle = {International Journal of Molecular Sciences},
    author = {Ij{\"{a}}s, Heini and Nummelin, Sami and Shen, Boxuan and Kostiainen, Mauri A and Linko, Veikko},
    number = {7},
    month = {7},
    pages = {2114},
    volume = {19},
    url = {http://www.mdpi.com/1422-0067/19/7/2114},
    doi = {10.3390/ijms19072114},
    issn = {14220067},
    keywords = {DNA nanotechnology, DNA origami, Mechanical movement, Molecular devices, Robotics, Self-assembly},
    language = {en}
}

@article{Dika2016EarlyMajors,
    title = {{Early experiences and integration in the persistence of first-generation college students in STEM and non-STEM majors}},
    year = {2016},
    journal = {Journal of Research in Science Teaching},
    author = {Dika, Sandra L. and D'Amico, Mark M.},
    number = {3},
    month = {3},
    pages = {368--383},
    volume = {53},
    publisher = {John Wiley and Sons Inc.},
    url = {http://doi.wiley.com/10.1002/tea.21301},
    doi = {10.1002/tea.21301},
    issn = {10982736},
    keywords = {PEMC, STEM majors, first-generation college students, persistence}
}

@article{Yum2008EffectCells,
    title = {{Effect of coadsorbent on the photovoltaic performance of squaraine sensitized nanocrystalline solar cells}},
    year = {2008},
    journal = {Nanotechnology},
    author = {Yum, J H and Moon, S J and Humphry-Baker, R and Walter, P and Geiger, T and N{\"{u}}esch, F and Gr{\"{a}}tzel, M and Nazeeruddin, M. D.K.},
    number = {42},
    month = {10},
    pages = {424005},
    volume = {19},
    url = {http://stacks.iop.org/0957-4484/19/i=42/a=424005?key=crossref.90376c81f1fa94bb316b911af6a8adad},
    doi = {10.1088/0957-4484/19/42/424005},
    issn = {09574484}
}

@article{Santoro2008EffectiveStudy,
    title = {{Effective method for the computation of optical spectra of large molecules at finite temperature including the Duschinsky and Herzberg-Teller effect: The Qx band of porphyrin as a case study}},
    year = {2008},
    journal = {Journal of Chemical Physics},
    author = {Santoro, Fabrizio and Lami, Alessandro and Improta, Roberto and Bloino, Julien and Barone, Vincenzo},
    number = {22},
    month = {6},
    pages = {224311},
    volume = {128},
    publisher = {American Institute of Physics},
    url = {http://aip.scitation.org/doi/10.1063/1.2929846},
    doi = {10.1063/1.2929846},
    issn = {00219606},
    pmid = {18554017},
    keywords = {Franck-Condon factors, electric moments, fluorescence, molecular moments, organic compounds, transition moments, ultraviolet spectra, vibrational states, vibronic states, visible spectra}
}

@misc{Jabonstski1933Efficiency6,
    title = {{Efficiency of anti-stokes fluorescence in dyes [6]}},
    year = {1933},
    booktitle = {Nature},
    author = {Jab{\l}o{\'{n}}stski, A.},
    number = {3319},
    pages = {839--840},
    volume = {131},
    publisher = {Nature Publishing Group},
    doi = {10.1038/131839b0},
    issn = {00280836},
    keywords = {Humanities and Social Sciences, Science, multidisciplinary}
}

@article{Qarony2017EfficientAnalysis,
    title = {{Efficient amorphous silicon solar cells: characterization, optimization, and optical loss analysis}},
    year = {2017},
    journal = {Results in Physics},
    author = {Qarony, Wayesh and Hossain, Mohammad I and Hossain, M Khalid and Jalal, Uddin M and Haque, A and Saad, A R and Tsang, Yuen Hong},
    pages = {4287--4293},
    volume = {7},
    doi = {10.1016/j.rinp.2017.09.030},
    issn = {22113797},
    keywords = {FDTD, Power loss, Quantum efficiency, Short circuit current, Superstrate p-i-n}
}

@article{Liu2017EfficientFunctions,
    title = {{Efficient Computation of Exchange Energy Density with Gaussian Basis Functions}},
    year = {2017},
    journal = {Journal of Chemical Theory and Computation},
    author = {Liu, Fenglai and Kong, Jing},
    number = {6},
    month = {6},
    pages = {2571--2580},
    volume = {13},
    url = {https://pubs.acs.org/doi/10.1021/acs.jctc.7b00055},
    doi = {10.1021/acs.jctc.7b00055},
    issn = {1549-9618, 1549-9626},
    language = {en}
}

@article{Mori2001ElectroluminescentDyes,
    title = {{Electroluminescent properties in organic light-emitting diode doped with two guest dyes}},
    year = {2001},
    journal = {Japanese Journal of Applied Physics, Part 1: Regular Papers and Short Notes and Review Papers},
    author = {Mori, Tatsuo and Kim, Hyeong Gweon and Mizutani, Teruyoshi and Lee, Duck Chool},
    number = {9 A},
    month = {9},
    pages = {5346--5349},
    volume = {40},
    doi = {10.1143/jjap.40.5346},
    issn = {00214922},
    keywords = {Dye-doping, Electroluminescence, Energy transfer, Organic LED}
}

@article{Levinson1957ElectronicTransitions,
    title = {{Electronic Spectra of Pyridocyanine Dyes with Assignments of Transitions}},
    year = {1957},
    journal = {Journal of the American Chemical Society},
    author = {Levinson, Gerald S. and Simpson, William T. and Curtis, Waldo},
    number = {16},
    month = {8},
    pages = {4314--4320},
    volume = {79},
    url = {https://pubs.acs.org/doi/abs/10.1021/ja01573a019},
    doi = {10.1021/ja01573a019},
    issn = {15205126}
}

@misc{Adesina2017EmbracingChallenge,
    title = {{Embracing Biological Solutions to the Sustainable Energy Challenge}},
    year = {2017},
    booktitle = {Chem},
    author = {Adesina, Oluwakemi and Anzai, Isao A and Avalos, José L and Barstow, Buz},
    number = {1},
    pages = {20--51},
    volume = {2},
    doi = {10.1016/j.chempr.2016.12.009},
    issn = {24519294},
    keywords = {biofuels, biomaterials, carbon fixation, electrosynthesis, extracellular electron transfer, photosynthesis, sustainable energy, synthetic biology}
}

@inproceedings{Moilanen2012EmergingGeneration,
    title = {{Emerging hackerspaces - Peer-production generation}},
    year = {2012},
    booktitle = {IFIP Advances in Information and Communication Technology},
    author = {Moilanen, Jarkko},
    pages = {94--111},
    volume = {378 AICT},
    isbn = {9783642334412},
    doi = {10.1007/978-3-642-33442-9{\_}7},
    issn = {18684238},
    keywords = {community, fabbing, fablab, hackerspace, makerspace, motivation, movement, open source, peer-production, survey, sustainability}
}

@misc{Ho2007EnergeticsTheory,
    title = {{Energetics and kinetics of vacancy diffusion and aggregation in shocked aluminium via orbital-free density functional theory}},
    year = {2007},
    booktitle = {Physical Chemistry Chemical Physics},
    author = {Ho, Gregory and Ong, Mitchell T. and Caspersen, Kyle J. and Carter, Emily A.},
    number = {36},
    pages = {4951--4966},
    volume = {9},
    doi = {10.1039/b705455f},
    issn = {14639076}
}

@article{Kasha1963EnergyAggregates,
    title = {{Energy Transfer Mechanisms and the Molecular Exciton Model for Molecular Aggregates}},
    year = {1963},
    journal = {Radiation Research},
    author = {Kasha, Michael},
    number = {1},
    pages = {55},
    volume = {20},
    doi = {10.2307/3571331},
    issn = {00337587},
    pmid = {14061481}
}

@article{Soon2011EnergyFilms,
    title = {{Energy versus electron transfer in organic solar cells: A comparison of the photophysics of two indenofluorene: Fullerene blend films}},
    year = {2011},
    journal = {Chemical Science},
    author = {Soon, Ying W. and Clarke, Tracey M. and Zhang, Weimin and Agostinelli, Tiziano and Kirkpatrick, James and Dyer-Smith, Clare and Mcculloch, Iain and Nelson, Jenny and Durrant, James R.},
    number = {6},
    month = {6},
    pages = {1111--1120},
    volume = {2},
    publisher = {The Royal Society of Chemistry},
    doi = {10.1039/c0sc00606h},
    issn = {20416520}
}

@article{Rockson2019EngineeringPerformances,
    title = {{Engineering Asymmetric Charge Injection/Extraction to Optimize Organic Transistor Performances}},
    year = {2019},
    journal = {ACS Applied Materials and Interfaces},
    author = {Rockson, Tonnah Kwesi and Baek, Seolhee and Jang, Hayeong and Choi, Giheon and Oh, Seungtaek and Kim, Jaehan and Cho, Hyewon and Kim, Se Hyun and Lee, Hwa Sung},
    number = {10},
    month = {3},
    pages = {10108--10117},
    volume = {11},
    publisher = {American Chemical Society},
    doi = {10.1021/acsami.9b01658},
    issn = {19448252},
    keywords = {asymmetric functionalization, charge extraction, charge injection, contact resistance, field-effect transistor, self-assembled monolayer}
}

@misc{Mcrae1958Enhancement6,
    title = {{Enhancement of phosphorescence ability upon aggregation of dye molecules [6]}},
    year = {1958},
    booktitle = {The Journal of Chemical Physics},
    author = {Mcrae, Eion G. and Kasha, Michael},
    number = {4},
    month = {4},
    pages = {721--722},
    volume = {28},
    url = {http://aip.scitation.org/doi/10.1063/1.1744225},
    doi = {10.1063/1.1744225},
    issn = {00219606}
}

@article{Koch2018EnhancingDisciplines.,
    title = {{Enhancing Learning Power through First-Year Experiences for Students Majoring in STEM Disciplines.}},
    year = {2018},
    journal = {Journal of STEM Education: Innovations and Research},
    author = {Koch, Robert and Kucsera, John and Angus, Kathryn Bartle and Norman, Kimberly and Bowers, Erica and Nair, Pradeep and Moon, Hye Sun and Karimi, Afshin and Barua, Susamma},
    number = {1},
    month = {2},
    pages = {22--30},
    volume = {19},
    issn = {1557-5284},
    keywords = {College Freshmen, College Mathematics, Engineering Education, First Year Seminars, Lifelong Learning, Majors (Students), Outcomes of Education, Pretests Posttests, STEM Education, Science Process Skills, Student Experience, Student Surveys}
}

@article{Koch2018EnhancingDisciplines.b,
    title = {{Enhancing Learning Power through First-Year Experiences for Students Majoring in STEM Disciplines.}},
    year = {2018},
    journal = {Journal of STEM Education: Innovations and Research},
    author = {Koch, Robert and Kucsera, John and Angus, Kathryn Bartle and Norman, Kimberly and Bowers, Erica and Nair, Pradeep and Moon, Hye Sun and Karimi, Afshin and Barua, Susamma},
    number = {1},
    month = {8},
    pages = {22--30},
    volume = {19},
    publisher = {Laboratory for Innovative Technology in Engineering Education (LITEE)},
    issn = {1557-5284},
    keywords = {College Freshmen, College Mathematics, Engineering Education, First Year Seminars, Lifelong Learning, Majors (Students), Outcomes of Education, Pretests Posttests, STEM Education, Science Process Skills, Student Experience, Student Surveys}
}

@article{Koch2018EnhancingDisciplines.c,
    title = {{Enhancing Learning Power through First-Year Experiences for Students Majoring in STEM Disciplines.}},
    year = {2018},
    journal = {Journal of STEM Education: Innovations and Research},
    author = {Koch, Robert and Kucsera, John and Angus, Kathryn Bartle and Norman, Kimberly and Bowers, Erica and Nair, Pradeep and Moon, Hye Sun and Karimi, Afshin and Barua, Susamma},
    number = {1},
    month = {7},
    pages = {22--30},
    volume = {19},
    publisher = {Laboratory for Innovative Technology in Engineering Education (LITEE)},
    issn = {1557-5284},
    keywords = {College Freshmen, College Mathematics, Engineering Education, First Year Seminars, Lifelong Learning, Majors (Students), Outcomes of Education, Pretests Posttests, STEM Education, Science Process Skills, Student Experience, Student Surveys}
}

@article{Jang2019EnhancingEffects,
    title = {{Enhancing the organic solar cell efficiency by combining plasmonic and F{\"{O}}rster Resonance Energy Transfer (FRET) effects}},
    year = {2019},
    journal = {Journal of Power Sources},
    author = {Jang, Yu Jin and Kawaguchi, Daisuke and Yamaguchi, Shuhei and Lee, Sunghee and Lim, Ju Won and Kim, Heejun and Tanaka, Keiji and Kim, Dong Ha},
    month = {10},
    pages = {227031},
    volume = {438},
    publisher = {Elsevier B.V.},
    doi = {10.1016/j.jpowsour.2019.227031},
    issn = {03787753},
    keywords = {F{\"{o}}rster resonance energy transfer, Gold nanoparticles, Organic solar cells, Plasmonic effect, Squaraine}
}

@misc{ERIC2017,
    title = {{ERIC - EJ1126801 - Student Attraction, Persistence and Retention in STEM Programs: Successes and Continuing Challenges, Higher Education Studies, 2017}},
    url = {https://eric.ed.gov/?id=EJ1126801}
}

@article{Khrenova2015EstimatingBeyond,
    title = {{Estimating orientation factors in the FRET theory of fluorescent proteins: The TagRFP-KFP pair and beyond}},
    year = {2015},
    journal = {Biophysical Journal},
    author = {Khrenova, Maria and Topol, Igor and Collins, Jack and Nemukhin, Alexander},
    number = {1},
    month = {1},
    pages = {126--132},
    volume = {108},
    publisher = {Biophysical Society},
    doi = {10.1016/j.bpj.2014.11.1859},
    issn = {15420086}
}

@article{Engel2007EvidenceSystems,
    title = {{Evidence for wavelike energy transfer through quantum coherence in photosynthetic systems}},
    year = {2007},
    journal = {Nature},
    author = {Engel, Gregory S. and Calhoun, Tessa R. and Read, Elizabeth L. and Ahn, Tae Kyu and Man{\v{c}}al, Tomáš and Cheng, Yuan Chung and Blankenship, Robert E. and Fleming, Graham R.},
    number = {7137},
    month = {4},
    pages = {782--786},
    volume = {446},
    publisher = {Nature Publishing Group},
    doi = {10.1038/nature05678},
    issn = {14764687},
    keywords = {Humanities and Social Sciences, Science, multidisciplinary}
}

@article{Paterno2018ExcitedScenario,
    title = {{Excited state photophysics of squaraine dyes for photovoltaic applications: An alternative deactivation scenario}},
    year = {2018},
    journal = {Journal of Materials Chemistry C},
    author = {Patern{\`{o}}, G M and Barbero, N and Galliano, S and Barolo, C and Lanzani, G and Scotognella, F and Borrelli, R},
    number = {11},
    pages = {2778--2785},
    volume = {6},
    doi = {10.1039/c7tc05078j},
    issn = {20507526}
}

@article{Paterno2018ExcitedScenariob,
    title = {{Excited state photophysics of squaraine dyes for photovoltaic applications: An alternative deactivation scenario}},
    year = {2018},
    journal = {Journal of Materials Chemistry C},
    author = {Patern{\`{o}}, G M and Barbero, N and Galliano, S and Barolo, C and Lanzani, G and Scotognella, F and Borrelli, R},
    number = {11},
    pages = {2778--2785},
    volume = {6},
    doi = {10.1039/c7tc05078j},
    issn = {20507526}
}

@article{Jacquemin2011Excited-stateEnvironments,
    title = {{Excited-state calculations with TD-DFT: From benchmarks to simulations in complex environments}},
    shorttitle = {Excited-state calculations with TD-DFT},
    year = {2011},
    journal = {Physical Chemistry Chemical Physics},
    author = {Jacquemin, Denis and Mennucci, Benedetta and Adamo, Carlo},
    number = {38},
    pages = {16987--16998},
    volume = {13},
    url = {http://xlink.rsc.org/?DOI=c1cp22144b},
    doi = {10.1039/c1cp22144b},
    issn = {14639076},
    language = {en}
}

@article{Jacquemin2016Excited-StateCC2,
    title = {{Excited-State Dipole and Quadrupole Moments: TD-DFT versus CC2}},
    year = {2016},
    journal = {Journal of Chemical Theory and Computation},
    author = {Jacquemin, Denis},
    number = {8},
    month = {8},
    pages = {3993--4003},
    volume = {12},
    publisher = {American Chemical Society},
    doi = {10.1021/acs.jctc.6b00498},
    issn = {15499626}
}

@article{Jacquemin2016Excited-StateCC2b,
    title = {{Excited-State Dipole and Quadrupole Moments: TD-DFT versus CC2}},
    year = {2016},
    journal = {Journal of Chemical Theory and Computation},
    author = {Jacquemin, Denis},
    number = {8},
    month = {8},
    pages = {3993--4003},
    volume = {12},
    publisher = {American Chemical Society},
    doi = {10.1021/acs.jctc.6b00498},
    issn = {15499626}
}

@misc{Brixner2017ExcitonSystems,
    title = {{Exciton Transport in Molecular Aggregates – From Natural Antennas to Synthetic Chromophore Systems}},
    year = {2017},
    booktitle = {Advanced Energy Materials},
    author = {Brixner, Tobias and Hildner, Richard and K{\"{o}}hler, Jürgen and Lambert, Christoph and W{\"{u}}rthner, Frank},
    number = {16},
    month = {8},
    pages = {1700236},
    volume = {7},
    publisher = {Wiley-VCH Verlag},
    url = {http://doi.wiley.com/10.1002/aenm.201700236},
    doi = {10.1002/aenm.201700236},
    issn = {16146840},
    keywords = {dyes/pigments, excitons, molecular aggregates, optical excitations}
}

@article{Cannon2015ExcitonicNanobreadboards,
    title = {{Excitonic AND Logic Gates on DNA Brick Nanobreadboards}},
    year = {2015},
    journal = {ACS Photonics},
    author = {Cannon, Brittany L and Kellis, Donald L and Davis, Paul H and Lee, Jeunghoon and Kuang, Wan and Hughes, William L and Graugnard, Elton and Yurke, Bernard and Knowlton, William B},
    number = {3},
    month = {3},
    pages = {398--404},
    volume = {2},
    url = {https://doi.org/10.1021/ph500444d},
    doi = {10.1021/ph500444d}
}

@misc{Lee2017ExpandingRepertoires,
    title = {{Expanding Visions of How People Learn: The Centrality of Identity Repertoires}},
    year = {2017},
    booktitle = {Journal of the Learning Sciences},
    author = {Lee, Carol D.},
    number = {3},
    month = {7},
    pages = {517--524},
    volume = {26},
    publisher = {Routledge},
    doi = {10.1080/10508406.2017.1336022},
    issn = {10508406}
}

@article{Liu2017ExploitingCells,
    title = {{Exploiting Noncovalently Conformational Locking as a Design Strategy for High Performance Fused-Ring Electron Acceptor Used in Polymer Solar Cells}},
    year = {2017},
    journal = {Journal of the American Chemical Society},
    author = {Liu, Yahui and Zhang, Zhe and Feng, Shiyu and Li, Miao and Wu, Liangliang and Hou, Ran and Xu, Xinjun and Chen, Xuebo and Bo, Zhishan},
    number = {9},
    month = {3},
    pages = {3356--3359},
    volume = {139},
    publisher = {American Chemical Society},
    doi = {10.1021/jacs.7b00566},
    issn = {15205126}
}

@article{Bassal2017ExploringADC2,
    title = {{Exploring the excited-states of squaraine dyes with TD-DFT, SOS-CIS(D) and ADC(2)}},
    year = {2017},
    journal = {Dyes and Pigments},
    author = {Bassal, Fadel and Laurent, Adèle D. and Le Guennic, Boris and Jacquemin, Denis},
    month = {3},
    pages = {169--175},
    volume = {138},
    publisher = {Elsevier Ltd},
    doi = {10.1016/j.dyepig.2016.11.046},
    issn = {18733743},
    keywords = {Ab initio calculations, Cyanine dyes, Fluorescence, Optical spectra, TD-DFT}
}

@article{Czikklely1970ExtendedMolecules,
    title = {{Extended dipole model for aggregates of dye molecules}},
    year = {1970},
    journal = {Chemical Physics Letters},
    author = {Czikklely, V. and Forsterling, H.D. and Kuhn, H.},
    number = {3},
    month = {8},
    pages = {207--210},
    volume = {6},
    url = {https://linkinghub.elsevier.com/retrieve/pii/0009261470802202},
    doi = {10.1016/0009-2614(70)80220-2},
    issn = {00092614}
}

@article{Jacquemin2009ExtensiveMolecules,
    title = {{Extensive TD-DFT Benchmark: Singlet-Excited States of Organic Molecules}},
    shorttitle = {Extensive TD-DFT Benchmark},
    year = {2009},
    journal = {Journal of Chemical Theory and Computation},
    author = {Jacquemin, Denis and Wathelet, Valérie and Perp{\`{e}}te, Eric A and Adamo, Carlo},
    number = {9},
    month = {9},
    pages = {2420--2435},
    volume = {5},
    url = {https://pubs.acs.org/doi/10.1021/ct900298e},
    doi = {10.1021/ct900298e},
    issn = {1549-9618, 1549-9626},
    language = {en}
}

@article{Abramavicius2009ExtractingSpectra,
    title = {{Extracting single and two-exciton couplings in photosynthetic complexes by coherent two-dimensional electronic spectra}},
    year = {2009},
    journal = {Chemical Physics},
    author = {Abramavicius, Darius and Palmieri, Benoit and Mukamel, Shaul},
    number = {1-3},
    month = {2},
    pages = {79--84},
    volume = {357},
    url = {https://linkinghub.elsevier.com/retrieve/pii/S0301010408004515},
    doi = {10.1016/j.chemphys.2008.10.010},
    issn = {03010104},
    keywords = {Excitons, Femtosecond spectroscopy, Photosynthetic aggregates}
}

@article{Abramavicius2009ExtractingSpectrab,
    title = {{Extracting single and two-exciton couplings in photosynthetic complexes by coherent two-dimensional electronic spectra}},
    year = {2009},
    journal = {Chemical Physics},
    author = {Abramavicius, Darius and Palmieri, Benoit and Mukamel, Shaul},
    number = {1-3},
    month = {2},
    pages = {79--84},
    volume = {357},
    url = {https://linkinghub.elsevier.com/retrieve/pii/S0301010408004515},
    doi = {10.1016/j.chemphys.2008.10.010},
    issn = {03010104},
    keywords = {Excitons, Femtosecond spectroscopy, Photosynthetic aggregates},
    language = {en}
}

@article{Abramavicius2009ExtractingSpectrac,
    title = {{Extracting single and two-exciton couplings in photosynthetic complexes by coherent two-dimensional electronic spectra}},
    year = {2009},
    journal = {Chemical Physics},
    author = {Abramavicius, Darius and Palmieri, Benoit and Mukamel, Shaul},
    number = {1-3},
    month = {2},
    pages = {79--84},
    volume = {357},
    publisher = {North-Holland},
    doi = {10.1016/j.chemphys.2008.10.010},
    issn = {03010104},
    keywords = {Excitons, Femtosecond spectroscopy, Photosynthetic aggregates}
}

@article{Oku2011FabricationCells,
    title = {{Fabrication and characterization of TiO2-based dye-sensitized solar cells}},
    year = {2011},
    journal = {Progress in Natural Science: Materials International},
    author = {Oku, Takeo and Kakuta, Nariaki and Kobayashi, Kengo and Suzuki, Atsushi and Kikuchi, Kenji},
    number = {2},
    pages = {122--126},
    volume = {21},
    doi = {10.1016/S1002-0071(12)60045-8},
    issn = {10020071},
    keywords = {Dye, Microstructure, Porphyrin, Solar cell}
}

@misc{VonHippel2013FiftyApproaches,
    title = {{Fifty years of DNA "breathing": Reflections on old and new approaches}},
    year = {2013},
    booktitle = {Biopolymers},
    author = {Von Hippel, Peter H and Johnson, Neil P and Marcus, Andrew H},
    number = {12},
    month = {12},
    pages = {923--954},
    volume = {99},
    doi = {10.1002/bip.22347},
    issn = {00063525},
    keywords = {DNA base analogue spectroscopy, DNA replication, formaldehyde probing, hydrogen exchange, protein-nucleic acid interactions, single molecule DNA-protein interactions studies, two-dimensional fluorescence spectroscopy}
}

@article{Allen2017FightingOpportunity,
    title = {{Fighting for Desired Versions of a Future Self: How Young Women Negotiated STEM-Related Identities in the Discursive Landscape of Educational Opportunity}},
    year = {2017},
    journal = {Journal of the Learning Sciences},
    author = {Allen, Carrie D. and Eisenhart, Margaret},
    number = {3},
    month = {7},
    pages = {407--436},
    volume = {26},
    publisher = {Routledge},
    doi = {10.1080/10508406.2017.1294985},
    issn = {10508406}
}

@article{Mantina2009FirstCoefficients,
    title = {{First principles impurity diffusion coefficients}},
    year = {2009},
    journal = {Acta Materialia},
    author = {Mantina, M and Wang, Y and Chen, L Q and Liu, Z K and Wolverton, C},
    number = {14},
    month = {8},
    pages = {4102--4108},
    volume = {57},
    url = {https://linkinghub.elsevier.com/retrieve/pii/S1359645409003048},
    doi = {10.1016/j.actamat.2009.05.006},
    issn = {13596454},
    language = {en}
}

@article{Mantina2008First-principlesCoefficients,
    title = {{First-principles calculation of self-diffusion coefficients}},
    year = {2008},
    journal = {Physical Review Letters},
    author = {Mantina, M and Wang, Y and Arroyave, R and Chen, L Q and Liu, Z K and Wolverton, C},
    number = {21},
    month = {5},
    pages = {215901},
    volume = {100},
    url = {https://link.aps.org/doi/10.1103/PhysRevLett.100.215901},
    doi = {10.1103/PhysRevLett.100.215901},
    issn = {00319007},
    language = {en}
}

@article{Ghosh1998First-PrinciplesPorphyrins,
    title = {{First-Principles Quantum Chemical Studies of Porphyrins}},
    year = {1998},
    journal = {Accounts of Chemical Research},
    author = {Ghosh, Abhik},
    number = {4},
    pages = {189--198},
    volume = {31},
    publisher = {American Chemical Society},
    doi = {10.1021/ar950033x},
    issn = {00014842}
}

@techreport{Ponce2008FittingI,
    title = {{Fitting models for Spectrum lines-Graduate Seminar I}},
    year = {2008},
    booktitle = {The Solar Spectrum},
    author = {Ponce, Marcelo C}
}

@article{Humbert-Droz2016FluorescenceDerivatives,
    title = {{Fluorescence quantum yield rationalized by the magnitude of the charge transfer in {$\pi$}-conjugated terpyridine derivatives}},
    year = {2016},
    journal = {Physical Chemistry Chemical Physics},
    author = {Humbert-Droz, Marie and Piguet, Claude and Wesolowski, Tomasz A.},
    number = {42},
    month = {10},
    pages = {29387--29394},
    volume = {18},
    publisher = {Royal Society of Chemistry},
    doi = {10.1039/c6cp04252j},
    issn = {14639076}
}

@article{Melinger2016FRETDNA,
    title = {{FRET from Multiple Pathways in Fluorophore-Labeled DNA}},
    year = {2016},
    journal = {ACS Photonics},
    author = {Melinger, Joseph S and Khachatrian, Ani and Ancona, Mario G and Buckhout-White, Susan and Goldman, Ellen R and Spillmann, Christopher M and Medintz, Igor L and Cunningham, Paul D},
    number = {4},
    month = {4},
    pages = {659--669},
    volume = {3},
    publisher = {American Chemical Society},
    doi = {10.1021/acsphotonics.6b00006},
    issn = {23304022},
    keywords = {DNA nanotechnology, FRET, F{\"{o}}rster resonance energy transfer, light harvesting, photonic materials, photophysics}
}

@incollection{Schaufele2005FRETMicroscope,
    title = {{FRET Imaging in the Wide-Field Microscope}},
    year = {2005},
    booktitle = {Molecular Imaging},
    author = {Schaufele, Fred and Demarco, Ignacio and Day, Richard N.},
    month = {1},
    pages = {72--94},
    publisher = {Elsevier Inc.},
    isbn = {9780195177206},
    doi = {10.1016/B978-019517720-6.50013-4}
}

@article{Munoz-Losa2009FrettingApproximation,
    title = {{Fretting about FRET: Failure of the ideal dipole approximation}},
    year = {2009},
    journal = {Biophysical Journal},
    author = {Mu{\~{n}}oz-Losa, Aurora and Curutchet, Carles and Krueger, Brent P. and Hartsell, Lydia R. and Mennucci, Benedetta},
    number = {12},
    pages = {4779--4788},
    volume = {96},
    publisher = {Biophysical Society},
    doi = {10.1016/j.bpj.2009.03.052},
    issn = {15420086}
}

@article{LeBris2005FromJourney,
    title = {{From atoms to crystals: a mathematical journey}},
    shorttitle = {From atoms to crystals},
    year = {2005},
    journal = {Bulletin of the American Mathematical Society},
    author = {Le Bris, Claude and Lions, Pierre-Louis},
    number = {03},
    month = {4},
    pages = {291--364},
    volume = {42},
    url = {http://www.ams.org/journal-getitem?pii=S0273-0979-05-01059-1},
    doi = {10.1090/S0273-0979-05-01059-1},
    issn = {0273-0979}
}

@inproceedings{Clegg2010FromBack,
    title = {{From F{\"{o}}rster resonance energy transfer to coherent resonance energy transfer and back}},
    year = {2010},
    booktitle = {Optical Biopsy VII},
    author = {Clegg, Robert M and Sener, Melih and Govindjee, .},
    editor = {Alfano, Robert R},
    month = {2},
    pages = {75610C},
    volume = {7561},
    url = {http://proceedings.spiedigitallibrary.org/proceeding.aspx?doi=10.1117/12.840772},
    address = {San Francisco, California},
    isbn = {9780819479570},
    doi = {10.1117/12.840772},
    issn = {16057422},
    language = {en}
}

@techreport{Joseph2012FromFields,
    title = {{From One Culture to Another: Years One and Two of Graduate School for African American Women in the STEM Fields}},
    year = {2012},
    booktitle = {International Journal of Doctoral Studies},
    author = {Joseph, Joretta},
    volume = {7},
    keywords = {African American Female Students, Graduate School, Graduate Students, Historically Black Colleges and Universities (HBCUs), Predominantly White Institutions (PWIs), STEM, Socialization, Transition}
}

@article{Wei2012FunctionalizedPhotovoltaics,
    title = {{Functionalized squaraine donors for nanocrystalline organic photovoltaics}},
    year = {2012},
    journal = {ACS Nano},
    author = {Wei, Guodan and Xiao, Xin and Wang, Siyi and Sun, Kai and Bergemann, Kevin J and Thompson, Mark E and Forrest, Stephen R},
    number = {1},
    month = {1},
    pages = {972--978},
    volume = {6},
    url = {https://pubs.acs.org/doi/10.1021/nn204676j},
    doi = {10.1021/nn204676j},
    issn = {19360851},
    keywords = {small molecule, solar cell, solution process},
    language = {en}
}

@article{Maeda2005GaN:ZnOSplitting,
    title = {{GaN:ZnO solid solution as a photocatalyst for visible-light-driven overall water splitting}},
    year = {2005},
    journal = {Journal of the American Chemical Society},
    author = {Maeda, Kazuhiko and Takata, Tsuyoshi and Hara, Michikazu and Saito, Nobuo and Inoue, Yasunobu and Kobayashi, Hisayoshi and Domen, Kazunari},
    number = {23},
    month = {6},
    pages = {8286--8287},
    volume = {127},
    publisher = { American Chemical Society },
    doi = {10.1021/ja0518777},
    issn = {00027863}
}

@misc{M.J.FrischG.W.Trucks2016Gaussian09,
    title = {{Gaussian 09}},
    year = {2016},
    booktitle = {Gaussian, Inc.},
    author = {M. J. Frisch G. W. Trucks, H B Schlegel G E Scuseria M A Robb J R Cheeseman G Scalmani V Barone B Mennucci G A Petersson H Nakatsuji M Caricato X Li H P Hratchian A F Izmaylov J Bloino G Zheng J L Sonnenberg M Had and Fox, D J}
}

@article{TombergGAUSSIANTUTORIAL,
    title = {{GAUSSIAN 09W TUTORIAL}},
    author = {Tomberg, Anna},
    pages = {36},
    language = {en}
}

@article{Sousa2007GeneralFunctionals,
    title = {{General performance of density functionals}},
    year = {2007},
    journal = {Journal of Physical Chemistry A},
    author = {Sousa, Sérgio Filipe and Fernandes, Pedro Alexandrino and Ramos, Maria João},
    number = {42},
    month = {10},
    pages = {10439--10452},
    volume = {111},
    url = {https://pubs.acs.org/doi/10.1021/jp0734474},
    doi = {10.1021/jp0734474},
    issn = {10895639},
    language = {en}
}

@article{Baiardi2013GeneralEffects,
    title = {{General time dependent approach to vibronic spectroscopy including franck-condon, herzberg-teller, and duschinsky effects}},
    year = {2013},
    journal = {Journal of Chemical Theory and Computation},
    author = {Baiardi, Alberto and Bloino, Julien and Barone, Vincenzo},
    number = {9},
    month = {9},
    pages = {4097--4115},
    volume = {9},
    publisher = {American Chemical Society},
    doi = {10.1021/ct400450k},
    issn = {15499618}
}

@misc{Coskun2012GreatPromise,
    title = {{Great expectations: Can artificial molecular machines deliver on their promise?}},
    year = {2012},
    booktitle = {Chemical Society Reviews},
    author = {Coskun, Ali and Banaszak, Michal and Astumian, R. Dean and Stoddart, J. Fraser and Grzybowski, Bartosz A.},
    number = {1},
    month = {1},
    pages = {19--30},
    volume = {41},
    doi = {10.1039/c1cs15262a},
    issn = {03060012}
}

@misc{Rowland2017GrowingCascades,
    title = {{Growing applications for bioassembled F{\"{o}}rster resonance energy transfer cascades}},
    year = {2017},
    booktitle = {Materials Today},
    author = {Rowland, Clare E. and Delehanty, James B. and Dwyer, Chris L. and Medintz, Igor L.},
    number = {3},
    month = {4},
    pages = {131--141},
    volume = {20},
    publisher = {Elsevier B.V.},
    doi = {10.1016/j.mattod.2016.09.013},
    issn = {18734103}
}

@article{Spano2014H-Semiconductors,
    title = {{H- and J-Aggregate Behavior in Polymeric Semiconductors}},
    year = {2014},
    journal = {Annual Review of Physical Chemistry},
    author = {Spano, Frank C. and Silva, Carlos},
    number = {1},
    month = {4},
    pages = {477--500},
    volume = {65},
    publisher = {Annual Reviews},
    url = {http://www.annualreviews.org/doi/10.1146/annurev-physchem-040513-103639},
    doi = {10.1146/annurev-physchem-040513-103639},
    issn = {0066-426X},
    keywords = {H-aggregates, J-aggregates, conjugated polymers}
}

@article{Spano2014H-andSemiconductors,
    title = {{H-and J-Aggregate Behavior in Polymeric Semiconductors}},
    year = {2014},
    journal = {Annu. Rev. Phys. Chem},
    author = {Spano, Frank C and Silva, Carlos},
    pages = {477--500},
    volume = {65},
    url = {www.annualreviews.org},
    doi = {10.1146/annurev-physchem-040513-103639},
    keywords = {H-aggregates, J-aggregates, conjugated polymers}
}

@article{Shi2016Head-to-HeadCells,
    title = {{Head-to-Head Linkage Containing Bithiophene-Based Polymeric Semiconductors for Highly Efficient Polymer Solar Cells}},
    year = {2016},
    journal = {Advanced Materials},
    author = {Shi, Shengbin and Liao, Qiaogan and Tang, Yumin and Guo, Han and Zhou, Xin and Wang, Yulun and Yang, Tingbin and Liang, Yongye and Cheng, Xing and Liu, Feng and Guo, Xugang},
    number = {45},
    pages = {9969--9977},
    volume = {28},
    publisher = {Wiley-VCH Verlag},
    doi = {10.1002/adma.201603112},
    issn = {15214095},
    keywords = {film morphology, organic electronics, polymer semiconductors, polymer solar cells, sulfur–oxygen interactions}
}

@article{Kudo2009HeterogeneousSplitting,
    title = {{Heterogeneous photocatalyst materials for water splitting}},
    year = {2009},
    journal = {Chemical Society Reviews},
    author = {Kudo, Akihiko and Miseki, Yugo},
    number = {1},
    month = {12},
    pages = {253--278},
    volume = {38},
    publisher = {The Royal Society of Chemistry},
    doi = {10.1039/b800489g},
    issn = {03060012},
    pmid = {19088977}
}

@article{Kudo2009HeterogeneousSplittingb,
    title = {{Heterogeneous photocatalyst materials for water splitting}},
    year = {2009},
    journal = {Chemical Society Reviews},
    author = {Kudo, Akihiko and Miseki, Yugo},
    number = {1},
    pages = {253--278},
    volume = {38},
    doi = {10.1039/b800489g},
    issn = {03060012},
    pmid = {19088977}
}

@article{Chen2010HighApplications,
    title = {{High molar extinction coefficient branchlike organic dyes containing Di(p-tolyl)phenylamine donor for dye-sensitized solar cells applications}},
    year = {2010},
    journal = {Journal of Physical Chemistry C},
    author = {Chen, Huajie and Huang, Hui and Huang, Xianwei and Clifford, John N. and Forneli, Amparo and Palomares, Emilio and Zheng, Xiaoyan and Zheng, Liping and Wang, Xianyou and Shen, Ping and Zhao, Bin and Tan, Songting},
    number = {7},
    month = {2},
    pages = {3280--3286},
    volume = {114},
    publisher = {American Chemical Society},
    doi = {10.1021/jp911139x},
    issn = {19327447}
}

@article{Choi2010HighCells,
    title = {{High molar extinction coefficient organic sensitizers for efficient dye-sensitized solar cells}},
    year = {2010},
    journal = {Chemistry - A European Journal},
    author = {Choi, Hyunbong and Raabe, Ines and Kim, Duckhyun and Teocoli, Francesca and Kim, Chulwoo and Song, Kihyung and Yum, Jun Ho and Ko, Jaejung and Nazeeruddin, Md K. and Gr{\"{a}}tzel, Michael},
    number = {4},
    pages = {1193--1201},
    volume = {16},
    doi = {10.1002/chem.200902197},
    issn = {09476539},
    keywords = {Dyes/pigments, Sensitizers, Solar cells, Solid-state electrolytes, Thienothiopenes}
}

@article{Lee2019HighlyApplications,
    title = {{Highly efficient flexible organic photovoltaics using quasi-amorphous ZnO/Ag/ZnO transparent electrodes for indoor applications}},
    year = {2019},
    journal = {Journal of Power Sources},
    author = {Lee, Byeong Ryong and Goo, Ji Soo and Kim, Yong Woon and You, Young Jun and Kim, Hyeok and Lee, Sang Kwon and Shim, Jae Won and Kim, Tae Geun},
    month = {3},
    pages = {61--69},
    volume = {417},
    publisher = {Elsevier B.V.},
    doi = {10.1016/j.jpowsour.2019.02.015},
    issn = {03787753},
    keywords = {Flexible, Indoor light conditions, Micro-cavity effect, Organic photovoltaic devices, ZnO/Ag/ZnO transparent conducting electrode}
}

@article{Nelson2017HowYouth,
    title = {{How do undergraduate STEM mentors reflect upon their mentoring experiences in an outreach program engaging K-8 youth?}},
    year = {2017},
    journal = {International Journal of STEM Education},
    author = {Nelson, Kari and Sabel, Jaime and Forbes, Cory and Grandgenett, Neal and Tapprich, William and Cutucache, Christine},
    number = {1},
    month = {12},
    pages = {3},
    volume = {4},
    publisher = {Springer},
    url = {http://stemeducationjournal.springeropen.com/articles/10.1186/s40594-017-0057-4},
    doi = {10.1186/s40594-017-0057-4},
    issn = {21967822},
    keywords = {Career, Content knowledge, Mentor, Outreach, STEM, Undergraduate}
}

@article{Yamaguchi2008HowEfficiency,
    title = {{How the {$\pi$} conjugation length affects the fluorescence emission efficiency}},
    year = {2008},
    journal = {Journal of the American Chemical Society},
    author = {Yamaguchi, Yoshihiro and Matsubara, Yoshio and Ochi, Takanori and Wakamiya, Tateaki and Yoshida, Zen Ichi},
    number = {42},
    month = {10},
    pages = {13867--13869},
    volume = {130},
    publisher = { American Chemical Society},
    doi = {10.1021/ja8040493},
    issn = {00027863}
}

@techreport{HunterSanders,
    title = {{Hunter and Sanders}}
}

@inproceedings{An2014ImprovedMolecules,
    title = {{Improved efficiency of bulk heterojunction polymer solar cells by doping low-bandgap small molecules}},
    year = {2014},
    booktitle = {ACS Applied Materials and Interfaces},
    author = {An, Qiaoshi and Zhang, Fujun and Li, Lingliang and Wang, Jian and Zhang, Jian and Zhou, Lingyu and Tang, Weihua},
    number = {9},
    month = {5},
    pages = {6537--6544},
    volume = {6},
    publisher = {American Chemical Society},
    doi = {10.1021/am500074s},
    issn = {19448252},
    keywords = {energy transfer, low bandgap materials, polymer solar cells, ternary bulk heterojunction}
}

@article{Hurtado2010ImprovingProject,
    title = {{Improving the rate of success for underrepresented racial minorities in STEM fields: Insights from a national project}},
    year = {2010},
    journal = {New Directions for Institutional Research},
    author = {Hurtado, Sylvia and Newman, Christopher B. and Tran, Minh C. and Chang, Mitchell J.},
    number = {148},
    month = {12},
    pages = {5--15},
    volume = {2010},
    publisher = {Wiley},
    doi = {10.1002/ir.357},
    issn = {0271-0579}
}

@article{Harrilal2018InfraredPopulations,
    title = {{Infrared Population Transfer Spectroscopy of Cryo-Cooled Ions: Quantitative Tests of the Effects of Collisional Cooling on the Room Temperature Conformer Populations}},
    year = {2018},
    journal = {Journal of Physical Chemistry A},
    author = {Harrilal, Christopher P. and DeBlase, Andrew F. and Fischer, Joshua L. and Lawler, John T. and McLuckey, Scott A. and Zwier, Timothy S.},
    number = {8},
    month = {3},
    pages = {2096--2107},
    volume = {122},
    publisher = {American Chemical Society},
    doi = {10.1021/acs.jpca.7b12751},
    issn = {15205215}
}

@article{Hill2016IntegratedBilayers,
    title = {{Integrated Photon Upconversion Solar Cell via Molecular Self-Assembled Bilayers}},
    year = {2016},
    journal = {ACS Energy Letters},
    author = {Hill, Sean P and Dilbeck, Tristan and Baduell, Enric and Hanson, Kenneth},
    number = {1},
    month = {7},
    pages = {3--8},
    volume = {1},
    url = {https://pubs.acs.org/doi/10.1021/acsenergylett.6b00001},
    doi = {10.1021/acsenergylett.6b00001},
    issn = {2380-8195, 2380-8195},
    language = {en}
}

@article{Kownacki2019IntegratingPolymers,
    title = {{Integrating DNA Photonic Wires into Light-Harvesting Supramolecular Polymers}},
    year = {2019},
    journal = {Angewandte Chemie - International Edition},
    author = {Kownacki, Mariusz and Langenegger, Simon M. and Liu, Shi Xia and H{\"{a}}ner, Robert},
    number = {3},
    month = {1},
    pages = {751--755},
    volume = {58},
    publisher = {Wiley-VCH Verlag},
    doi = {10.1002/anie.201809914},
    issn = {15213773},
    keywords = {DNA, FRET, light-harvesting antenna, photonic wires, supramolecular polymers}
}

@article{Collins2014InternalRevision,
    title = {{Internal and external stereoisomers of squaraine rotaxane endoperoxide: Synthesis, chemical differences, and structural revision}},
    year = {2014},
    journal = {Journal of Organic Chemistry},
    author = {Collins, Carleton G. and Lee, Joshua M. and Oliver, Allen G. and Wiest, Olaf and Smith, Bradley D.},
    number = {3},
    month = {2},
    pages = {1120--1130},
    volume = {79},
    publisher = {American Chemical Society},
    doi = {10.1021/jo402564k},
    issn = {00223263}
}

@article{Uteva2017InterpolationProcesses,
    title = {{Interpolation of intermolecular potentials using Gaussian processes}},
    year = {2017},
    journal = {The Journal of Chemical Physics},
    author = {Uteva, Elena and Graham, Richard S and Wilkinson, Richard D and Wheatley, Richard J},
    number = {16},
    month = {10},
    pages = {161706},
    volume = {147},
    url = {http://aip.scitation.org/doi/10.1063/1.4986489},
    doi = {10.1063/1.4986489},
    issn = {0021-9606, 1089-7690},
    language = {en}
}

@article{Rai2019InvestigationFilms,
    title = {{Investigation of Excitonic Gates in Organic Semiconductor Thin Films}},
    year = {2019},
    journal = {Physical Review Applied},
    author = {Rai, Deepesh and Holmes, Russell J.},
    number = {1},
    month = {1},
    pages = {014048},
    volume = {11},
    publisher = {American Physical Society},
    doi = {10.1103/PhysRevApplied.11.014048},
    issn = {23317019}
}

@article{Yu2012InvestigationImidazole,
    title = {{Investigation of multiple electronic excited state relaxation pathways following 200 nm photolysis of gas-phase imidazole}},
    year = {2012},
    journal = {Physical Chemistry Chemical Physics},
    author = {Yu, Hui and Evans, Nicholas L. and Stavros, Vasilios G. and Ullrich, Susanne},
    number = {18},
    month = {5},
    pages = {6266--6272},
    volume = {14},
    publisher = {The Royal Society of Chemistry},
    doi = {10.1039/c2cp23533a},
    issn = {14639076}
}

@article{Ohno1993J-aggregateMedia,
    title = {{J-aggregate formation of a water-soluble porphyrin in acidic aqueous media}},
    year = {1993},
    journal = {The Journal of Chemical Physics},
    author = {Ohno, Osamu and Kaizu, Youkoh and Kobayashi, Hiroshi},
    number = {5},
    month = {9},
    pages = {4128--4139},
    volume = {99},
    publisher = {American Institute of Physics},
    url = {http://aip.scitation.org/doi/10.1063/1.466109},
    doi = {10.1063/1.466109},
    issn = {00219606},
    keywords = {ABSORPTION SPECTRA, AGGLOMERATION, AQUEOUS SOLUTIONS, CIRCULAR DICHROISM, DICHROISM, FLUORESCENCE, HYDROGEN BONDS, INFRARED SPECTRA, MAGNETIC CIRCULAR DICHROISM, MOLECULES, ORGANIC ACIDS, POLARIZATION, PORPHYRINS, RAMAN SPECTRA, RESONANCE SCATTERING, RODS, SOLUBILITY, WATER}
}

@misc{Wurthner2011J-aggregates:Materials,
    title = {{J-aggregates: From serendipitous discovery to supramolecular engineering of functional dye materials}},
    year = {2011},
    booktitle = {Angewandte Chemie - International Edition},
    author = {W{\"{u}}rthner, Frank and Kaiser, Theo E. and Saha-M{\"{o}}ller, Chantu R.},
    number = {15},
    month = {4},
    pages = {3376--3410},
    volume = {50},
    doi = {10.1002/anie.201002307},
    issn = {14337851},
    pmid = {21442690},
    keywords = {aggregation, cyanines, dyes/pigments, self-assembly, supramolecular chemistry}
}

@article{Wurthner2011J-aggregates:Materialsb,
    title = {{J-aggregates: From serendipitous discovery to supramolecular engineering of functional dye materials}},
    year = {2011},
    journal = {Angewandte Chemie - International Edition},
    author = {W{\"{u}}rthner, Frank and Kaiser, Theo E. and Saha-M{\"{o}}ller, Chantu R.},
    number = {15},
    pages = {3376--3410},
    volume = {50},
    doi = {10.1002/anie.201002307},
    issn = {14337851},
    pmid = {21442690},
    keywords = {aggregation, cyanines, dyes/pigments, self-assembly, supramolecular chemistry}
}

@article{Chen2013J-aggregationCells,
    title = {{J-aggregation of a squaraine dye and its application in organic photovoltaic cells}},
    year = {2013},
    journal = {Journal of Materials Chemistry C},
    author = {Chen, Guo and Sasabe, Hisahiro and Lu, Wei and Wang, Xiao Feng and Kido, Junji and Hong, Ziruo and Yang, Yang},
    number = {40},
    month = {10},
    pages = {6547--6552},
    volume = {1},
    doi = {10.1039/c3tc31243g},
    issn = {20507534}
}

@article{Cannon2018LargeAggregates,
    title = {{Large Davydov Splitting and Strong Fluorescence Suppression: An Investigation of Exciton Delocalization in DNA-Templated Holliday Junction Dye Aggregates}},
    year = {2018},
    journal = {Journal of Physical Chemistry A},
    author = {Cannon, Brittany L. and Patten, Lance K. and Kellis, Donald L. and Davis, Paul H. and Lee, Jeunghoon and Graugnard, Elton and Yurke, Bernard and Knowlton, William B.},
    number = {8},
    month = {3},
    pages = {2086--2095},
    volume = {122},
    publisher = {American Chemical Society},
    doi = {10.1021/acs.jpca.7b12668},
    issn = {15205215}
}

@article{Cannon2018LargeAggregatesb,
    title = {{Large Davydov Splitting and Strong Fluorescence Suppression: An Investigation of Exciton Delocalization in DNA-Templated Holliday Junction Dye Aggregates}},
    year = {2018},
    journal = {Journal of Physical Chemistry A},
    author = {Cannon, Brittany L. and Patten, Lance K. and Kellis, Donald L. and Davis, Paul H. and Lee, Jeunghoon and Graugnard, Elton and Yurke, Bernard and Knowlton, William B.},
    number = {8},
    month = {3},
    pages = {2086--2095},
    volume = {122},
    publisher = {American Chemical Society},
    doi = {10.1021/acs.jpca.7b12668},
    issn = {15205215}
}

@article{CevenMcNally2016LearningTEACHING,
    title = {{Learning from one's own teaching: New science teachers analyzing their practice through classroom observation cycles: LEARNING FROM ONE'S OWN TEACHING}},
    year = {2016},
    journal = {Journal of Research in Science Teaching},
    author = {Ceven McNally, Jennifer},
    number = {3},
    pages = {473--501},
    volume = {53},
    doi = {10.1002/tea.v53.3},
    issn = {0022-4308}
}

@misc{Scholes2011LessonsHarvesting,
    title = {{Lessons from nature about solar light harvesting}},
    year = {2011},
    booktitle = {Nature Chemistry},
    author = {Scholes, Gregory D and Fleming, Graham R and Olaya-Castro, Alexandra and Van Grondelle, Rienk},
    number = {10},
    month = {10},
    pages = {763--774},
    volume = {3},
    doi = {10.1038/nchem.1145},
    issn = {17554330},
    pmid = {21941248}
}

@article{Holbert2016LeveragingActivities,
    title = {{Leveraging cultural values and “ways of knowing” to increase diversity in maker activities}},
    year = {2016},
    journal = {International Journal of Child-Computer Interaction},
    author = {Holbert, Nathan},
    month = {12},
    pages = {33--39},
    volume = {9-10},
    publisher = {Elsevier B.V.},
    doi = {10.1016/j.ijcci.2016.10.002},
    issn = {22128689},
    keywords = {Construction, Craft, Fabrication, Gender diversity, Maker movement, STEM}
}

@article{Greb2014Light-drivenRotors,
    title = {{Light-driven molecular motors: Imines as four-step or two-step unidirectional rotors}},
    year = {2014},
    journal = {Journal of the American Chemical Society},
    author = {Greb, Lutz and Lehn, Jean Marie},
    number = {38},
    month = {9},
    pages = {13114--13117},
    volume = {136},
    publisher = {American Chemical Society},
    doi = {10.1021/ja506034n},
    issn = {15205126}
}

@article{Koumura1999Light-drivenRotor,
    title = {{Light-driven monodirectional molecular rotor}},
    year = {1999},
    journal = {Nature},
    author = {Koumura, Nagatoshi and Zijistra, Robert W.J. and Van Delden, Richard A. and Harada, Nobuyuki and Feringa, Ben L.},
    number = {6749},
    month = {9},
    pages = {152--155},
    volume = {401},
    doi = {10.1038/43646},
    issn = {00280836}
}

@article{Liu2016LinearAbsorption,
    title = {{Linear Photophysics and Femtosecond Nonlinear Spectroscopy of a Star-Shaped Squaraine Derivative with Efficient Two-Photon Absorption}},
    year = {2016},
    journal = {Journal of Physical Chemistry C},
    author = {Liu, Taihong and Bondar, Mykhailo V. and Belfield, Kevin D. and Anderson, Dane and Masunov, Artëm E. and Hagan, David J. and Van Stryland, Eric W.},
    number = {20},
    month = {5},
    pages = {11099--11110},
    volume = {120},
    publisher = {American Chemical Society},
    doi = {10.1021/acs.jpcc.6b02446},
    issn = {19327455}
}

@article{Doltra2013MagneticAni,
    title = {{Magnetic Resonance Imaging of Cardiovascular Fibrosis and Inflammation: From Clinical Practice to Animal Studies and Back Cardiovascular MRI View project Magnetic Resonance Imaging of Cardiovascular Fibrosis and Inflammation: From Clinical Practice to Ani}},
    year = {2013},
    journal = {BioMed Research International},
    author = {Doltra, A and Dietrich, Thore and Schneeweis, Christopher and Kelle, Sebastian and Doltra, Adelina and Stawowy, Philipp and Fleck, Eckart},
    number = {10},
    pages = {1--2},
    volume = {676489},
    url = {https://www.researchgate.net/publication/256931880%0Ahttp://dx.doi.org/10.1155/2013/676489},
    isbn = {1298201500},
    doi = {10.1155/2013}
}

@article{Gozem2013MappingMethods,
    title = {{Mapping the Excited State Potential Energy Surface of a Retinal Chromophore Model with Multireference and Equation-of-Motion Coupled-Cluster Methods}},
    year = {2013},
    journal = {Journal of Chemical Theory and Computation},
    author = {Gozem, Samer and Melaccio, Federico and Lindh, Roland and Krylov, Anna I and Granovsky, Alexander A and Angeli, Celestino and Olivucci, Massimo},
    number = {10},
    month = {10},
    pages = {4495--4506},
    volume = {9},
    url = {https://pubs.acs.org/doi/10.1021/ct400460h},
    doi = {10.1021/ct400460h},
    issn = {1549-9618, 1549-9626},
    language = {en}
}

@article{Wei2013MappingNanostructures,
    title = {{Mapping the Thermal Behavior of DNA Origami Nanostructures}},
    year = {2013},
    journal = {Journal of the American Chemical Society},
    author = {Wei, Xixi and Nangreave, Jeanette and Jiang, Shuoxing and Yan, Hao and Liu, Yan},
    number = {16},
    month = {4},
    pages = {6165--6176},
    volume = {135},
    url = {https://pubs.acs.org/doi/10.1021/ja4000728},
    doi = {10.1021/ja4000728},
    issn = {0002-7863, 1520-5126},
    language = {en}
}

@misc{Pezzato2017MasteringMachines,
    title = {{Mastering the non-equilibrium assembly and operation of molecular machines}},
    year = {2017},
    booktitle = {Chemical Society Reviews},
    author = {Pezzato, Cristian and Cheng, Chuyang and Stoddart, J. Fraser and Astumian, R. Dean},
    number = {18},
    month = {9},
    pages = {5491--5507},
    volume = {46},
    publisher = {Royal Society of Chemistry},
    doi = {10.1039/c7cs00068e},
    issn = {14604744}
}

@article{Friesecke2011MathematicalChemistry,
    title = {{Mathematical Methods in Quantum Chemistry}},
    year = {2011},
    journal = {Oberwolfach Reports},
    author = {Friesecke, Gero and Gill, Peter},
    pages = {1769--1843},
    url = {http://www.ems-ph.org/doi/10.4171/OWR/2011/32},
    doi = {10.4171/OWR/2011/32},
    issn = {1660-8933},
    language = {en}
}

@article{Melloni2010ModelingPhotoisomerization,
    title = {{Modeling, preparation, and characterization of a dipole moment switch driven by Z/E photoisomerization}},
    year = {2010},
    journal = {Journal of the American Chemical Society},
    author = {Melloni, Alfonso and Paccani, Riccardo Rossi and Donati, Donato and Zanirato, Vinicio and Sinicropi, Adalgisa and Parisi, Maria Laura and Martin, Elena and Ryazantsev, Mikhail and Ding, Wan Jian and Frutos, Luis Manuel and Basosi, Riccardo and Fusi, Stefania and Latterini, Loredana and Ferre, Nicolas and Olivucci, Massimo},
    number = {27},
    month = {7},
    pages = {9310--9319},
    volume = {132},
    publisher = {American Chemical Society},
    doi = {10.1021/ja906733q},
    issn = {15205126}
}

@misc{Ibrahim1994ModelsRe-evaluation,
    title = {{Models of optical absorption in amorphous semiconductors at the absorption edge - A review and re-evaluation}},
    year = {1994},
    booktitle = {Czechoslovak Journal of Physics},
    author = {Ibrahim, A. and Al-Ani, S. K.J.},
    number = {8},
    month = {8},
    pages = {785--797},
    volume = {44},
    publisher = {Kluwer Academic Publishers},
    doi = {10.1007/BF01700645},
    issn = {00114626},
    keywords = {Hadrons, Heavy Ions, Nuclear Physics, Physics, general}
}

@article{Kaczmarek-Kedziera2016MolecularProperties,
    title = {{Molecular aspects of squaraine dyes aggregation and its influence on spectroscopic properties}},
    year = {2016},
    journal = {Theoretical Chemistry Accounts},
    author = {Kaczmarek-Kedziera, Anna and K{\c{e}}dziera, Dariusz},
    number = {9},
    month = {9},
    pages = {1--17},
    volume = {135},
    publisher = {Springer New York LLC},
    doi = {10.1007/s00214-016-1971-0},
    issn = {1432881X},
    keywords = {Absorption spectrum, DFT calculations, Hydrogen bond, Intermolecular interactions, Squaraine dyes}
}

@article{Kaczmarek-Kedziera2016MolecularPropertiesb,
    title = {{Molecular aspects of squaraine dyes aggregation and its influence on spectroscopic properties}},
    year = {2016},
    journal = {Theoretical Chemistry Accounts},
    author = {Kaczmarek-Kedziera, Anna and K{\c{e}}dziera, Dariusz},
    number = {9},
    month = {9},
    pages = {1--17},
    volume = {135},
    publisher = {Springer New York LLC},
    doi = {10.1007/s00214-016-1971-0},
    issn = {1432881X},
    keywords = {Absorption spectrum, DFT calculations, Hydrogen bond, Intermolecular interactions, Squaraine dyes}
}

@article{Geiger2009MolecularFilms,
    title = {{Molecular Design of Unsymmetrical Squaraine Dyes for High Efficiency Conversion of Low Energy Photons into Electrons Using TiO {\_}2 Nanocrystalline Films}},
    year = {2009},
    journal = {Advanced Functional Materials},
    author = {Geiger, Thomas and Kuster, Simon and Yum, Jun-Ho and Moon, Soo-Jin and Nazeeruddin, Mohammad K and Gr{\"{a}}tzel, Michael and N{\"{u}}esch, Frank},
    number = {17},
    month = {9},
    pages = {2720--2727},
    volume = {19},
    url = {http://doi.wiley.com/10.1002/adfm.200900231},
    doi = {10.1002/adfm.200900231},
    issn = {1616301X, 16163028},
    language = {en}
}

@article{Geiger2009MolecularFilmsb,
    title = {{Molecular design of unsymmetrical squaraine dyes for high efficiency conversion of low energy photons into electrons using TiO2 nanocrystalline films}},
    year = {2009},
    journal = {Advanced Functional Materials},
    author = {Geiger, Thomas and Kuster, Simon and Yum, Jun Ho and Moon, Soo Jin and Nazeeruddin, Mohammad K. and Gr{\"{a}}tzel, Michael and N{\"{u}}esch, Frank},
    number = {17},
    month = {9},
    pages = {2720--2727},
    volume = {19},
    doi = {10.1002/adfm.200900231},
    issn = {1616301X}
}

@article{Tavernelli2005MolecularTheory,
    title = {{Molecular dynamics in electronically excited states using time-dependent density functional theory}},
    year = {2005},
    journal = {Molecular Physics},
    author = {Tavernelli, Ivano and R{\"{o}}hrig, Ute F. and Rothlisberger, Ursula},
    number = {6-8},
    month = {3},
    pages = {963--981},
    volume = {103},
    doi = {10.1080/00268970512331339378},
    issn = {00268976}
}

@article{Mierke1991MolecularHexapeptide,
    title = {{Molecular dynamics with dimethyl sulfoxide as a solvent. Conformation of a cyclic hexapeptide}},
    year = {1991},
    journal = {Journal of the American Chemical Society},
    author = {Mierke, Dale F and Kessler, Horst},
    number = {25},
    month = {12},
    pages = {9466--9470},
    volume = {113},
    url = {https://pubs.acs.org/doi/abs/10.1021/ja00025a007},
    doi = {10.1021/ja00025a007},
    issn = {0002-7863},
    language = {en}
}

@article{Rao2018MolecularConcept,
    title = {{Molecular Engineering and Structure-Related Properties of Squaraine Dyes Based on the Core and Wings Concept}},
    year = {2018},
    journal = {ACS Omega},
    author = {Rao, G Hanumantha and Rana, Prem Jyoti Singh and Chitumalla, Ramesh Kumar and Jang, Joonkyung and Singh, Surya Prakash},
    number = {11},
    month = {11},
    pages = {15416--15425},
    volume = {3},
    url = {https://pubs.acs.org/doi/10.1021/acsomega.8b01809},
    doi = {10.1021/acsomega.8b01809},
    issn = {24701343},
    language = {en}
}

@article{Kolosova2018MolecularSquaraines,
    title = {{Molecular structure and spectral properties of indolenine based norsquaraines versus squaraines}},
    year = {2018},
    author = {Kolosova, Olga S and Shishkina, Svitlana V and Marks, Vered and Gellerman, Gary and Hovor, Iryna V and Tatarets, Anatoliy L and Terpetschnig, Ewald A and Patsenker, Leonid D},
    url = {www.elsevier.com/locate/dyepig},
    doi = {10.1016/j.dyepig.2018.12.007},
    keywords = {Complexes, Molecular structure, Norsquaraine, Simulations BSA-, Spectral properties, Squaraine}
}

@article{Kolosova2019MolecularSquaraines,
    title = {{Molecular structure and spectral properties of indolenine based norsquaraines versus squaraines}},
    year = {2019},
    journal = {Dyes and Pigments},
    author = {Kolosova, Olga S. and Shishkina, Svitlana V. and Marks, Vered and Gellerman, Gary and Hovor, Iryna V. and Tatarets, Anatoliy L. and Terpetschnig, Ewald A. and Patsenker, Leonid D.},
    pages = {318--329},
    volume = {163},
    doi = {10.1016/j.dyepig.2018.12.007},
    issn = {18733743},
    keywords = {BSA-Complexes, Molecular structure, Norsquaraine, Simulations, Spectral properties, Squaraine}
}

@article{Weber2017MultipleAzobenzene-trimers,
    title = {{Multiple timescales in the photoswitching kinetics of crystalline thin films of azobenzene-trimers}},
    year = {2017},
    journal = {Journal of Physics: Condensed Matter},
    author = {Weber, C and Pithan, L and Zykov, A and Bommel, S and Carla, F and Felici, R and Knie, C and Bl{\'{e}}ger, D and Kowarik, S},
    number = {43},
    month = {9},
    pages = {434001},
    volume = {29},
    url = {https://doi.org/10.1088%2F1361-648x%2Faa8654},
    doi = {10.1088/1361-648X/aa8654},
    issn = {0953-8984}
}

@article{Friesecke2013N-densityFunctional,
    title = {{N-density representability and the optimal transport limit of the Hohenberg-Kohn functional}},
    year = {2013},
    journal = {Journal of Chemical Physics},
    author = {Friesecke, Gero and Mendl, Christian B and Pass, Brendan and Cotar, Codina and Kl{\"{u}}ppelberg, Claudia},
    number = {16},
    month = {10},
    pages = {164109},
    volume = {139},
    url = {https://aip.scitation.org/doi/full/10.1063/1.4821351},
    doi = {10.1063/1.4821351},
    issn = {00219606},
    arxivId = {1304.0679}
}

@article{Weickert2011NanostructuredCells,
    title = {{Nanostructured organic and hybrid solar cells}},
    year = {2011},
    journal = {Advanced Materials},
    author = {Weickert, Jonas and Dunbar, Ricky B. and Hesse, Holger C. and Wiedemann, Wolfgang and Schmidt-Mende, Lukas},
    number = {16},
    month = {4},
    pages = {1810--1828},
    volume = {23},
    doi = {10.1002/adma.201003991},
    issn = {09359648},
    keywords = {hybrid materials, organic semiconductors, solar cells, titanium oxide}
}

@article{Weickert2011NanostructuredCellsb,
    title = {{Nanostructured organic and hybrid solar cells}},
    year = {2011},
    journal = {Advanced Materials},
    author = {Weickert, Jonas and Dunbar, Ricky B. and Hesse, Holger C. and Wiedemann, Wolfgang and Schmidt-Mende, Lukas},
    number = {16},
    pages = {1810--1828},
    volume = {23},
    doi = {10.1002/adma.201003991},
    issn = {09359648},
    keywords = {hybrid materials, organic semiconductors, solar cells, titanium oxide}
}

@misc{Nanostructured2011.pdf,
    title = {{Nanostructured organic and hybrid solar cells. - Weickert et al. - Advanced materials (Deerfield Beach, Fla.) - 2011.pdf}},
    url = {https://onlinelibrary.wiley.com/doi/full/10.1002/adma.201003991}
}

@misc{NanostructuredLibrary,
    title = {{Nanostructured {\{}Organic{\}} and {\{}Hybrid{\}} {\{}Solar{\}} {\{}Cells{\}} - {\{}Weickert{\}} - 2011 - {\{}Advanced{\}} {\{}Materials{\}} - {\{}Wiley{\}} {\{}Online{\}} {\{}Library{\}}}},
    url = {https://onlinelibrary.wiley.com/doi/full/10.1002/adma.201003991}
}

@article{Lee2015Naphthodithiophene-BasedCells,
    title = {{Naphthodithiophene-Based Conjugated Polymer with Linear, Planar Backbone Conformation and Strong Intermolecular Packing for Efficient Organic Solar Cells}},
    year = {2015},
    journal = {ACS Applied Materials and Interfaces},
    author = {Lee, Jaewon and Ko, Hyomin and Song, Eunjoo and Kim, Heung Gyu and Cho, Kilwon},
    number = {38},
    month = {9},
    pages = {21159--21169},
    volume = {7},
    publisher = {American Chemical Society},
    doi = {10.1021/acsami.5b04884},
    issn = {19448252},
    keywords = {backbone planarity, benzo[1,2-b:3,4-b′]dithiophene, bulk-heterojunction networks, naphtho[1,2-b:5,6-b′]dithiophene, polymer solar cells}
}

@article{Meier2000NearChromophores,
    title = {{Near infrared dyes by combination of squaraine and ferrocene chromophores}},
    year = {2000},
    journal = {Tetrahedron Letters},
    author = {Meier, Herbert and Petermann, Ralf},
    number = {29},
    month = {7},
    pages = {5475--5478},
    volume = {41},
    doi = {10.1016/S0040-4039(00)00892-3},
    issn = {00404039},
    keywords = {Dyes, Ferrocenes, Oxocarbon acids and derivatives}
}

@article{Trujillo2015Near-peerBackgrounds.,
    title = {{Near-peer STEM Mentoring Offers Unexpected Benefits for Mentors from Traditionally Underrepresented Backgrounds.}},
    year = {2015},
    journal = {Perspectives on undergraduate research and mentoring : PURM},
    author = {Trujillo, Gloriana and Aguinaldo, Pauline G and Anderson, Chelsie and Bustamante, Julian and Gelsinger, Diego R and Pastor, Maria J and Wright, Jeanette and M{\'{a}}rquez-Maga{\~{n}}a, Leticia and Riggs, Blake},
    number = {1},
    volume = {4},
    publisher = {NIH Public Access},
    url = {http://www.ncbi.nlm.nih.gov/pubmed/27668127 http://www.pubmedcentral.nih.gov/articlerender.fcgi?artid=PMC5034940},
    issn = {2157-7307},
    pmid = {27668127}
}

@misc{Harris2018NewArchitectures,
    title = {{New molecular switch architectures}},
    year = {2018},
    booktitle = {Proceedings of the National Academy of Sciences of the United States of America},
    author = {Harris, Jared D. and Moran, Mark J. and Aprahamian, Ivan},
    number = {38},
    month = {9},
    pages = {9414--9422},
    volume = {115},
    publisher = {National Academy of Sciences},
    doi = {10.1073/pnas.1714499115},
    issn = {10916490},
    keywords = {Molecular machines, Molecular switches, Photochromic compounds}
}

@misc{Umezawa2014NewBioimaging,
    title = {{New trends in near-infrared fluorophores for bioimaging}},
    year = {2014},
    booktitle = {Analytical Sciences},
    author = {Umezawa, Keitaro and Citterio, Daniel and Suzuki, Koji},
    number = {3},
    pages = {327--349},
    volume = {30},
    publisher = {Japan Society for Analytical Chemistry},
    doi = {10.2116/analsci.30.327},
    issn = {13482246},
    pmid = {24614728},
    keywords = {BODIPY, Boron dipyrromethene, Cyanine, Fluorescent imaging, Fluorescent sensor, Molecular imaging, Near-infrared fluorescent probe, Near-infrared fluorophore, Rhodamine, Squaraine}
}

@article{Zhang2019Non-AdiabaticInteractions,
    title = {{Non-Adiabatic Molecular Dynamics of Molecules in the Presence of Strong Light-Matter Interactions}},
    year = {2019},
    journal = {Journal of Chemical Physics},
    author = {Zhang, Yu and Nelson, Tammie and Tretiak, Sergei},
    number = {15},
    month = {6},
    volume = {151},
    publisher = {American Institute of Physics Inc.},
    url = {http://arxiv.org/abs/1906.11210 http://dx.doi.org/10.1063/1.5116550},
    doi = {10.1063/1.5116550},
    arxivId = {1906.11210}
}

@article{Zheng2019Non-KashaH-Aggregate,
    title = {{Non-Kasha Behavior in Quadrupolar Dye Aggregates: The Red-Shifted H-Aggregate}},
    year = {2019},
    journal = {Journal of Physical Chemistry C},
    author = {Zheng, Chenyu and Zhong, Chuwei and Collison, Christopher J. and Spano, Frank C.},
    number = {5},
    month = {2},
    pages = {3203--3215},
    volume = {123},
    publisher = {American Chemical Society},
    doi = {10.1021/acs.jpcc.8b11416},
    issn = {19327455}
}

@article{Zheng2019Non-KashaH-Aggregateb,
    title = {{Non-Kasha Behavior in Quadrupolar Dye Aggregates: The Red-Shifted H-Aggregate}},
    year = {2019},
    journal = {Journal of Physical Chemistry C},
    author = {Zheng, Chenyu and Zhong, Chuwei and Collison, Christopher J. and Spano, Frank C.},
    number = {5},
    month = {2},
    pages = {3203--3215},
    volume = {123},
    publisher = {American Chemical Society},
    doi = {10.1021/acs.jpcc.8b11416},
    issn = {19327455}
}

@misc{Georgakilas2016NoncovalentApplications,
    title = {{Noncovalent Functionalization of Graphene and Graphene Oxide for Energy Materials, Biosensing, Catalytic, and Biomedical Applications}},
    year = {2016},
    booktitle = {Chemical Reviews},
    author = {Georgakilas, Vasilios and Tiwari, Jitendra N. and Kemp, K. Christian and Perman, Jason A. and Bourlinos, Athanasios B. and Kim, Kwang S. and Zboril, Radek},
    number = {9},
    month = {5},
    pages = {5464--5519},
    volume = {116},
    publisher = {American Chemical Society},
    doi = {10.1021/acs.chemrev.5b00620},
    issn = {15206890}
}

@article{Sutton2016NoncovalentAcenes,
    title = {{Noncovalent Intermolecular Interactions in Organic Electronic Materials: Implications for the Molecular Packing vs Electronic Properties of Acenes}},
    year = {2016},
    journal = {Chemistry of Materials},
    author = {Sutton, Christopher and Risko, Chad and Br{\'{e}}das, Jean Luc},
    number = {1},
    month = {1},
    pages = {3--16},
    volume = {28},
    publisher = {American Chemical Society},
    doi = {10.1021/acs.chemmater.5b03266},
    issn = {15205002}
}

@article{Ozen2007NoncovalentPolymers,
    title = {{Noncovalent intramolecular interactions in the monomers and oligomers of the acceptor and donor type of low band gap conducting polymers}},
    year = {2007},
    journal = {Journal of Physical Chemistry C},
    author = {{\"{O}}zen, Alimet Sema and Atilgan, Cañan and Sonmez, Gursel},
    number = {44},
    month = {11},
    pages = {16362--16371},
    volume = {111},
    doi = {10.1021/jp074380n},
    issn = {19327447}
}

@article{Wereszczynski2006OnTension,
    title = {{On structural transitions, thermodynamic equilibrium, and the phase diagram of DNA and RNA duplexes under torque and tension}},
    year = {2006},
    journal = {Proceedings of the National Academy of Sciences of the United States of America},
    author = {Wereszczynski, Jeff and Andricioaei, Ioan},
    number = {44},
    month = {10},
    pages = {16200--16205},
    volume = {103},
    url = {http://www.pnas.org/cgi/doi/10.1073/pnas.0603850103},
    doi = {10.1073/pnas.0603850103},
    issn = {00278424},
    keywords = {Molecular dynamics, Nucleic acid conformations, Pauling model for DNA, Single-molecule manipulations},
    language = {en}
}

@article{Tummeltshammer2017OnEfficiency,
    title = {{On the ability of F{\"{o}}rster resonance energy transfer to enhance luminescent solar concentrator efficiency}},
    year = {2017},
    journal = {Nano Energy},
    author = {Tummeltshammer, Clemens and Portnoi, Mark and Mitchell, Serena A. and Lee, An Tser and Kenyon, Anthony J. and Tabor, Alethea B. and Papakonstantinou, Ioannis},
    month = {2},
    pages = {263--270},
    volume = {32},
    publisher = {Elsevier Ltd},
    doi = {10.1016/j.nanoen.2016.11.058},
    issn = {22112855},
    keywords = {F{\"{o}}rster resonance energy transfer, Luminescent solar concentrators, Organic dye molecules, Quantum dots, Solar energy}
}

@article{Look2016OnGaN,
    title = {{On the accurate determination of absorption coefficient from reflectanceand transmittance measurements: Application to Fe-doped GaN}},
    year = {2016},
    journal = {Journal of Vacuum Science {\&} Technology B, Nanotechnology and Microelectronics: Materials, Processing, Measurement, and Phenomena},
    author = {Look, David C. and Leach, Jacob H.},
    number = {4},
    pages = {04J105},
    volume = {34},
    doi = {10.1116/1.4954211},
    issn = {2166-2746}
}

@article{Lanka2009OnSimulations,
    title = {{On the parameterization of rigid base and basepair models of DNA from molecular dynamics simulations}},
    year = {2009},
    journal = {Physical Chemistry Chemical Physics},
    author = {Lanka, F and Gonzalez, O and Heffler, L M and Stoll, G and Moakher, M and Maddocks, J H},
    number = {45},
    pages = {10565--10588},
    volume = {11},
    url = {http://xlink.rsc.org/?DOI=b919565n},
    doi = {10.1039/b919565n},
    issn = {14639076},
    language = {en}
}

@article{Quinonero2001OPLSAcid,
    title = {{OPLS all-atom force field for squaramides and squaric acid}},
    year = {2001},
    journal = {Chemical Physics Letters},
    author = {Qui{\~{n}}onero, David and Tom{\`{a}}s, Salvador and Frontera, Antonio and Garau, Carolina and Ballester, Pablo and Costa, Antonio and Dey{\`{a}}, Pere M.},
    number = {3-4},
    month = {12},
    pages = {331--338},
    volume = {350},
    doi = {10.1016/S0009-2614(01)01229-5},
    issn = {00092614}
}

@article{El-Shishtawy2016OpticalStudies,
    title = {{Optical Absorption Spectra and Electronic Properties of Symmetric and Asymmetric Squaraine Dyes for Use in DSSC Solar Cells: DFT and TD-DFT Studies}},
    year = {2016},
    journal = {International Journal of Molecular Sciences},
    author = {El-Shishtawy, Reda and Elroby, Shaaban and Asiri, Abdullah and M{\"{u}}llen, Klaus},
    number = {4},
    month = {4},
    pages = {487},
    volume = {17},
    publisher = {MDPI AG},
    url = {http://www.mdpi.com/1422-0067/17/4/487},
    doi = {10.3390/ijms17040487},
    issn = {1422-0067},
    keywords = {Electron transfer, HOMO-LUMO gap, Optical properties, Squaraine dyes, TD-DFT}
}

@article{Tauc1966OpticalGermanium,
    title = {{Optical Properties and Electronic Structure of Amorphous Germanium}},
    year = {1966},
    journal = {physica status solidi (b)},
    author = {Tauc, J. and Grigorovici, R. and Vancu, A.},
    number = {2},
    month = {1},
    pages = {627--637},
    volume = {15},
    publisher = {John Wiley {\&} Sons, Ltd},
    url = {http://doi.wiley.com/10.1002/pssb.19660150224},
    doi = {10.1002/pssb.19660150224},
    issn = {03701972}
}

@article{Otanicar2009OpticalSystems,
    title = {{Optical properties of liquids for direct absorption solar thermal energy systems}},
    year = {2009},
    journal = {Solar Energy},
    author = {Otanicar, Todd P. and Phelan, Patrick E. and Golden, Jay S.},
    number = {7},
    month = {7},
    pages = {969--977},
    volume = {83},
    doi = {10.1016/j.solener.2008.12.009},
    issn = {0038092X},
    keywords = {Fluids, Optical properties, Solar thermal energy}
}

@article{Otanicar2009OpticalSystemsb,
    title = {{Optical properties of liquids for direct absorption solar thermal energy systems}},
    year = {2009},
    journal = {Solar Energy},
    author = {Otanicar, Todd P. and Phelan, Patrick E. and Golden, Jay S.},
    number = {7},
    month = {7},
    pages = {969--977},
    volume = {83},
    doi = {10.1016/j.solener.2008.12.009},
    issn = {0038092X},
    keywords = {Fluids, Optical properties, Solar thermal energy}
}

@article{Cannon2018OPTICALLYDELOCALIZATION,
    title = {{OPTICALLY ACTIVE DYE-BASED SYSTEMS TEMPLATED BY DNA EXHIBITING EXCITONIC DELOCALIZATION}},
    year = {2018},
    author = {Cannon, Brittany Lynn},
    month = {5},
    url = {https://scholarworks.boisestate.edu/td/1380/ https://scholarworks.boisestate.edu/cgi/viewcontent.cgi?article=2502&context=td},
    institution = {Boise State University},
    doi = {10.18122/td/1380/boisestate},
    language = {en}
}

@article{Law1993OrganicDevelopments,
    title = {{Organic Photoconductive Materials: Recent Trends and Developments}},
    year = {1993},
    journal = {Chemical Reviews},
    author = {Law, Kock Yee},
    number = {1},
    pages = {449--486},
    volume = {93},
    publisher = {American Chemical Society},
    doi = {10.1021/cr00017a020},
    issn = {15206890}
}

@article{Iqbal2008OrientationAcids,
    title = {{Orientation dependence in fluorescent energy transfer between Cy3 and Cy5 terminally attached to double-stranded nucleic acids}},
    year = {2008},
    journal = {Proceedings of the National Academy of Sciences of the United States of America},
    author = {Iqbal, Asif and Arslan, Sinan and Okumus, Burak and Wilson, Timothy J and Giraud, Gerard and Norman, David G and Ha, Taekjip and Lilley, David M J},
    number = {32},
    month = {8},
    pages = {11176--11181},
    volume = {105},
    url = {http://www.pnas.org/cgi/doi/10.1073/pnas.0801707105},
    doi = {10.1073/pnas.0801707105},
    issn = {00278424},
    keywords = {Cyanine fluorophores, FRET, Kappa squared, Single-molecule FRET},
    language = {en}
}

@article{AmaroParameterizingResidue,
    title = {{Parameterizing a Novel Residue}},
    author = {Amaro, Rommie and Dhaliwal, Brijeet and Luthey-Schulten, Zaida and Mayne, Christopher and Wen, Po-Chao},
    pages = {37},
    language = {en}
}

@article{Tirado-Rives2008PerformanceMolecules,
    title = {{Performance of B3LYP density functional methods for a large set of organic molecules}},
    year = {2008},
    journal = {Journal of Chemical Theory and Computation},
    author = {Tirado-Rives, Julian and Jorgensen, William L},
    number = {2},
    month = {2},
    pages = {297--306},
    volume = {4},
    url = {https://pubs.acs.org/doi/10.1021/ct700248k},
    doi = {10.1021/ct700248k},
    issn = {15499618},
    pmid = {26620661},
    language = {en}
}

@article{Walker2013PerformanceInteractions,
    title = {{Performance of M06, M06-2X, and M06-HF density functionals for conformationally flexible anionic clusters: M06 functionals perform better than B3LYP for a model system with dispersion and ionic hydrogen-bonding interactions}},
    year = {2013},
    journal = {Journal of Physical Chemistry A},
    author = {Walker, Martin and Harvey, Andrew J.A. and Sen, Ananya and Dessent, Caroline E.H.},
    number = {47},
    month = {11},
    pages = {12590--12600},
    volume = {117},
    publisher = {American Chemical Society},
    doi = {10.1021/jp408166m},
    issn = {10895639}
}

@article{Lewis1944PhosphorescenceState,
    title = {{Phosphorescence and the Triplet State}},
    year = {1944},
    journal = {Journal of the American Chemical Society},
    author = {Lewis, Gilbert N. and Kasha, M.},
    number = {12},
    month = {12},
    pages = {2100--2116},
    volume = {66},
    url = {https://pubs.acs.org/doi/abs/10.1021/ja01240a030},
    doi = {10.1021/ja01240a030},
    issn = {15205126}
}

@misc{Irie2014PhotochromismActuators,
    title = {{Photochromism of diarylethene molecules and crystals: Memories, switches, and actuators}},
    year = {2014},
    booktitle = {Chemical Reviews},
    author = {Irie, Masahiro and Fukaminato, Tuyoshi and Matsuda, Kenji and Kobatake, Seiya},
    number = {24},
    month = {12},
    pages = {12174--12277},
    volume = {114},
    publisher = {American Chemical Society},
    doi = {10.1021/cr500249p},
    issn = {15206890}
}

@misc{Bandara2012PhotoisomerizationAzobenzene,
    title = {{Photoisomerization in different classes of azobenzene}},
    year = {2012},
    booktitle = {Chemical Society Reviews},
    author = {Bandara, H. M.Dhammika and Burdette, Shawn C.},
    number = {5},
    month = {3},
    pages = {1809--1825},
    volume = {41},
    doi = {10.1039/c1cs15179g},
    issn = {03060012},
    pmid = {22008710}
}

@misc{Kimizuka2016PhotonSelf-Assembly,
    title = {{Photon Upconversion and Molecular Solar Energy Storage by Maximizing the Potential of Molecular Self-Assembly}},
    year = {2016},
    booktitle = {Langmuir},
    author = {Kimizuka, Nobuo and Yanai, Nobuhiro and Morikawa, Masa Aki},
    number = {47},
    month = {11},
    pages = {12304--12322},
    volume = {32},
    publisher = {American Chemical Society},
    doi = {10.1021/acs.langmuir.6b03363},
    issn = {15205827}
}

@article{Lidzey2000Photon-mediatedMicrocavities,
    title = {{Photon-mediated hybridization of Frenkel excitons in organic semiconductor microcavities}},
    year = {2000},
    journal = {Science},
    author = {Lidzey, David G and Bradley, Donal D C and Armitage, Adam and Walker, Steve and Skolnick, Maurice S},
    number = {5471},
    month = {6},
    pages = {1620--1623},
    volume = {288},
    doi = {10.1126/science.288.5471.1620},
    issn = {00368075}
}

@article{Stennett2014PhotophysicalConstructs,
    title = {{Photophysical and dynamical properties of doubly linked Cy3-DNA constructs}},
    year = {2014},
    journal = {Journal of Physical Chemistry B},
    author = {Stennett, Elana M S and Ma, Ning and Van Der Vaart, Arjan and Levitus, Marcia},
    number = {1},
    month = {1},
    pages = {152--163},
    volume = {118},
    publisher = {American Chemical Society},
    doi = {10.1021/jp410976p},
    issn = {15205207}
}

@article{Stennett2014PhotophysicalConstructsb,
    title = {{Photophysical and dynamical properties of doubly linked Cy3-DNA constructs}},
    year = {2014},
    journal = {Journal of Physical Chemistry B},
    author = {Stennett, Elana M.S. and Ma, Ning and Van Der Vaart, Arjan and Levitus, Marcia},
    number = {1},
    month = {1},
    pages = {152--163},
    volume = {118},
    publisher = {American Chemical Society},
    doi = {10.1021/jp410976p},
    issn = {15205207}
}

@article{Stennett2014PhotophysicalConstructsc,
    title = {{Photophysical and dynamical properties of doubly linked Cy3-DNA constructs}},
    year = {2014},
    journal = {Journal of Physical Chemistry B},
    author = {Stennett, Elana M.S. and Ma, Ning and Van Der Vaart, Arjan and Levitus, Marcia},
    number = {1},
    month = {1},
    pages = {152--163},
    volume = {118},
    publisher = {American Chemical Society},
    doi = {10.1021/jp410976p},
    issn = {15205207}
}

@article{Cornelissen-Gude1997PhotophysicalSeparation,
    title = {{Photophysical properties of squaraine derivatives: Evidence for charge separation}},
    year = {1997},
    journal = {Journal of Physical Chemistry A},
    author = {Cornelissen-Gude, Claudia and Rettig, Wolfgang and Lapouyade, René},
    number = {50},
    month = {12},
    pages = {9673--9677},
    volume = {101},
    publisher = {American Chemical Society},
    doi = {10.1021/jp971577e},
    issn = {10895639}
}

@article{Ranjit2009PhotophysicsFRET,
    title = {{Photophysics of backbone fluorescent DNA modifications: Reducing uncertainties in FRET}},
    year = {2009},
    journal = {Journal of Physical Chemistry B},
    author = {Ranjit, Suman and Gurunathan, Kaushik and Levitus, Marcia},
    number = {22},
    month = {6},
    pages = {7861--7866},
    volume = {113},
    publisher = {American Chemical Society},
    doi = {10.1021/jp810842u},
    issn = {15206106}
}

@misc{Keren2018PhotosyntheticBorder,
    title = {{Photosynthetic Energy Transfer at the Quantum/Classical Border}},
    year = {2018},
    booktitle = {Trends in Plant Science},
    author = {Keren, Nir and Paltiel, Yossi},
    number = {6},
    month = {6},
    pages = {497--506},
    volume = {23},
    publisher = {Elsevier Ltd},
    doi = {10.1016/j.tplants.2018.03.007},
    issn = {13601385},
    keywords = {Photosynthesis, exciton energy transfer, light harvesting, quantum classical border, quantum coherence}
}

@misc{Thompson2003PredictingSubstances,
    title = {{Predicting aqueous solubilities from aqueous free energies of solvation and experimental or calculated vapor pressures of pure substances}},
    year = {2003},
    booktitle = {Journal of Chemical Physics},
    author = {Thompson, Jason D. and Cramer, Christopher J. and Truhlar, Donald G.},
    number = {3},
    month = {7},
    pages = {1661--1670},
    volume = {119},
    publisher = {American Institute of PhysicsAIP},
    url = {http://aip.scitation.org/doi/10.1063/1.1579474},
    doi = {10.1063/1.1579474},
    issn = {00219606},
    keywords = {AM1 calculations, free energy, fugacity, solubility, solvation, surface tension, vapour pressure}
}

@article{Lee2009PreparationNanofibers,
    title = {{Preparation and characterization of helical self-assembled nanofibers}},
    year = {2009},
    journal = {Chemical Society Reviews},
    author = {Lee, Cameron C. and Grenier, Christophe and Meijer, E. W. and Schenning, Albertus P.H.J.},
    number = {3},
    month = {2},
    pages = {671--683},
    volume = {38},
    doi = {10.1039/b800407m},
    issn = {03060012}
}

@misc{ProQuestReader,
    title = {{ProQuest Ebook Central - Reader}},
    url = {https://ebookcentral.proquest.com/lib/boisestate/reader.action?docID=1882239}
}

@article{Nicoli2016Proximity-InducedDNA-Duplexes,
    title = {{Proximity-Induced h‑Aggregation of cyanine dyes on DNA-Duplexes}},
    year = {2016},
    journal = {Journal of Physical Chemistry A},
    author = {Nicoli, Francesca and Roos, Matthias K. and Hemmig, Elisa A. and Di Antonio, Marco and De Vivie-Riedle, Regina and Liedl, Tim},
    number = {50},
    pages = {9941--9947},
    volume = {120},
    publisher = {American Chemical Society},
    doi = {10.1021/acs.jpca.6b10939},
    issn = {15205215}
}

@article{El-Shishtawy2014Pyran-SquaraineProperties,
    title = {{Pyran-{\{}Squaraine{\}} as {\{}Photosensitizers{\}} for {\{}Dye{\}}-{\{}Sensitized{\}} {\{}Solar{\}} {\{}Cells{\}}: {\{}DFT{\}}/{\{}TDDFT{\}} {\{}Study{\}} of the {\{}Electronic{\}} {\{}Structures{\}} and {\{}Absorption{\}} {\{}Properties{\}}}},
    shorttitle = {Pyran-{\{}Squaraine{\}} as {\{}Photosensitizers{\}} for {\{}Dye{\}}-},
    year = {2014},
    journal = {International Journal of Photoenergy},
    author = {El-Shishtawy, Reda M and Elroby, Shaaban A and Asiri, Abdullah M and Hilal, Rifaat H},
    pages = {1--11},
    volume = {2014},
    url = {http://www.hindawi.com/journals/ijp/2014/136893/},
    doi = {10.1155/2014/136893},
    issn = {1110-662X, 1687-529X}
}

@article{Sawaya2019QuantumSpectra,
    title = {{Quantum Algorithm for Calculating Molecular Vibronic Spectra}},
    year = {2019},
    journal = {The Journal of Physical Chemistry Letters},
    author = {Sawaya, Nicolas P D and Huh, Joonsuk},
    number = {13},
    month = {7},
    pages = {3586--3591},
    volume = {10},
    url = {https://pubs.acs.org/doi/10.1021/acs.jpclett.9b01117},
    doi = {10.1021/acs.jpclett.9b01117},
    issn = {1948-7185, 1948-7185},
    language = {en}
}

@misc{Cao2019QuantumComputing,
    title = {{Quantum Chemistry in the Age of Quantum Computing}},
    year = {2019},
    booktitle = {Chemical Reviews},
    author = {Cao, Yudong and Romero, Jonathan and Olson, Jonathan P and Degroote, Matthias and Johnson, Peter D and Kieferov{\'{a}}, Mária and Kivlichan, Ian D and Menke, Tim and Peropadre, Borja and Sawaya, Nicolas P D and Sim, Sukin and Veis, Libor and Aspuru-Guzik, Alán},
    number = {19},
    month = {10},
    pages = {10856--10915},
    volume = {119},
    url = {https://pubs.acs.org/doi/10.1021/acs.chemrev.8b00803},
    doi = {10.1021/acs.chemrev.8b00803},
    issn = {15206890},
    arxivId = {1812.09976},
    language = {en}
}

@misc{Tomasi2005QuantumModels,
    title = {{Quantum mechanical continuum solvation models}},
    year = {2005},
    booktitle = {Chemical Reviews},
    author = {Tomasi, Jacopo and Mennucci, Benedetta and Cammi, Roberto},
    number = {8},
    pages = {2999--3093},
    volume = {105},
    publisher = {American Chemical Society},
    doi = {10.1021/cr9904009},
    issn = {00092665},
    pmid = {16092826}
}

@article{Lanza2018QuantumSystem,
    title = {{Quantum Mechanics Study on Hydrophilic and Hydrophobic Interactions in the Trivaline–Water System}},
    year = {2018},
    journal = {The Journal of Physical Chemistry B},
    author = {Lanza, Giuseppe and Chiacchio, Maria A},
    number = {15},
    month = {4},
    pages = {4289--4298},
    volume = {122},
    url = {https://pubs.acs.org/doi/10.1021/acs.jpcb.8b00833},
    doi = {10.1021/acs.jpcb.8b00833},
    issn = {1520-6106, 1520-5207},
    language = {en}
}

@techreport{FurukawaQuantumSi:H,
    title = {{Quantum size e{\~{A}}ects on the optical band gap of microcrystalline Si:H}},
    author = {Furukawa, Shoji and Miyasato, Tatsuro},
    pages = {15--1988},
    volume = {38}
}

@techreport{FurukawaQuantumSi:Hb,
    title = {{Quantum size e{\~{A}}ects on the optical band gap of microcrystalline Si:H}},
    author = {Furukawa, Shoji and Miyasato, Tatsuro},
    pages = {15--1988},
    volume = {38}
}

@article{Sinanoglu1964QuantumMolecules,
    title = {{Quantum Theory of Atoms and Molecules}},
    year = {1964},
    journal = {Annual Review of Physical Chemistry},
    author = {Sinanoglu, O and Tuan, D F},
    number = {1},
    pages = {251--280},
    volume = {15},
    doi = {10.1146/annurev.pc.15.100164.001343},
    issn = {0066-426X},
    language = {en}
}

@article{Brodsky1980QuantumSilicon,
    title = {{Quantum well model of hydrogenated amorphous silicon}},
    year = {1980},
    journal = {Solid State Communications},
    author = {Brodsky, M. H.},
    number = {1},
    month = {10},
    pages = {55--59},
    volume = {36},
    publisher = {Pergamon},
    doi = {10.1016/0038-1098(80)90191-X},
    issn = {00381098}
}

@misc{Peverati2014QuestPhysics,
    title = {{Quest for a universal density functional: The accuracy of density functionals across a broad spectrum of databases in chemistry and physics}},
    year = {2014},
    booktitle = {Philosophical Transactions of the Royal Society A: Mathematical, Physical and Engineering Sciences},
    author = {Peverati, Roberto and Truhlar, Donald G},
    number = {2011},
    pages = {90},
    volume = {372},
    doi = {10.1098/rsta.2012.0476},
    issn = {1364503X},
    arxivId = {1212.0944},
    keywords = {Chemical reaction barrier heights, Energy of reaction, Exchange-correlation functionals, Lattice constants, Non-covalent interaction energies, Thermochemistry of molecules and solids},
    language = {en}
}

@article{Sun2015RationalSection,
    title = {{Rational design of small indolic squaraine dyes with large two-photon absorption cross section}},
    year = {2015},
    journal = {Chemical Science},
    author = {Sun, Chun Lin and Liao, Qing and Li, Ting and Li, Jun and Jiang, Jian Qiao and Xu, Zhen Zhen and Wang, Xue Dong and Shen, Rong and Bai, De Cheng and Wang, Qiang and Zhang, Sheng Xiang and Fu, Hong Bing and Zhang, Hao Li},
    number = {1},
    month = {1},
    pages = {761--769},
    volume = {6},
    publisher = {Royal Society of Chemistry},
    doi = {10.1039/c4sc02165g},
    issn = {20416539}
}

@misc{Garcia-Amoros2012RecentMaterials,
    title = {{Recent advances towards azobenzene-based lightdriven real-time information-transmitting materials}},
    year = {2012},
    booktitle = {Beilstein Journal of Organic Chemistry},
    author = {Garc{\'{i}}a-Amor{\'{o}}s, Jaume and Velasco, Dolores},
    month = {7},
    pages = {1003--1017},
    volume = {8},
    doi = {10.3762/bjoc.8.113},
    issn = {18605397},
    keywords = {Light-controlled materials, Molecular switches, Photochromicswitches, Push-pull azophenols, Thermal isomerisation}
}

@article{Lee2015RecentCells,
    title = {{Recent progress in organic sensitizers for dye-sensitized solar cells}},
    year = {2015},
    journal = {RSC Advances},
    author = {Lee, Chuan Pei and Lin, Ryan Yeh Yung and Lin, Lu Yin and Li, Chun Ting and Chu, Te Chun and Sun, Shih Sheng and Lin, Jiann T. and Ho, Kuo Chuan},
    number = {30},
    month = {2},
    pages = {23810--23825},
    volume = {5},
    publisher = {Royal Society of Chemistry},
    doi = {10.1039/c4ra16493h},
    issn = {20462069}
}

@article{Feder2020ReevaluatingEducation,
    title = {{Reevaluating teacher evaluations in higher education}},
    year = {2020},
    journal = {Physics Today},
    author = {Feder, Toni},
    number = {1},
    month = {1},
    pages = {24--27},
    volume = {73},
    publisher = {American Institute of Physics Inc.},
    url = {http://physicstoday.scitation.org/doi/10.1063/PT.3.4386},
    doi = {10.1063/PT.3.4386},
    issn = {00319228}
}

@article{Vakil2016RethinkingField,
    title = {{Rethinking Race and Power in Design-Based Research: Reflections from the Field}},
    year = {2016},
    journal = {Cognition and Instruction},
    author = {Vakil, Sepehr and McKinney de Royston, Maxine and Suad Nasir, Na'ilah and Kirshner, Ben},
    number = {3},
    month = {7},
    pages = {194--209},
    volume = {34},
    publisher = {Routledge},
    doi = {10.1080/07370008.2016.1169817},
    issn = {07370008}
}

@misc{Sauer2005ReversibleImaging,
    title = {{Reversible molecular photoswitches: A key technology for nanoscience and fluorescence imaging}},
    year = {2005},
    booktitle = {Proceedings of the National Academy of Sciences of the United States of America},
    author = {Sauer, Markus},
    number = {27},
    month = {7},
    pages = {9433--9434},
    volume = {102},
    publisher = {National Academy of Sciences},
    doi = {10.1073/pnas.0504264102},
    issn = {00278424}
}

@article{Schmittel2012ReversibleCaMKII,
    title = {{Reversible ON/OFF nanoswitch for organocatalysis: Mimicking the locking and unlocking operation of CaMKII}},
    year = {2012},
    journal = {Angewandte Chemie - International Edition},
    author = {Schmittel, Michael and De, Soumen and Pramanik, Susnata},
    number = {16},
    month = {4},
    pages = {3832--3836},
    volume = {51},
    doi = {10.1002/anie.201108089},
    issn = {14337851},
    keywords = {copper, heteroleptic complexes, nanoswitch, organocatalysis, porphyrinoids}
}

@misc{Ludin2014ReviewCells,
    title = {{Review on the development of natural dye photosensitizer for dye-sensitized solar cells}},
    year = {2014},
    booktitle = {Renewable and Sustainable Energy Reviews},
    author = {Ludin, Norasikin A. and Al-Alwani Mahmoud, A. M. and Bakar Mohamad, Abu and Kadhum, Abd Amir H. and Sopian, Kamaruzzaman and Abdul Karim, Nor Shazlinah},
    month = {3},
    pages = {386--396},
    volume = {31},
    publisher = {Pergamon},
    doi = {10.1016/j.rser.2013.12.001},
    issn = {13640321},
    keywords = {Dye-sensitized solar cell, Natural dye, Photosensitizers, Stability}
}

@article{Zanatta2019RevisitingDetermination,
    title = {{Revisiting the optical bandgap of semiconductors and the proposal of a unified methodology to its determination}},
    year = {2019},
    journal = {Scientific reports},
    author = {Zanatta, A. R.},
    number = {1},
    month = {8},
    pages = {11225},
    volume = {9},
    publisher = {NLM (Medline)},
    doi = {10.1038/s41598-019-47670-y},
    issn = {20452322},
    keywords = {Semiconductors}
}

@article{Lee2013RoomMatrices,
    title = {{Room temperature phosphorescence of metal-free organic materials in amorphous polymer matrices}},
    year = {2013},
    journal = {Journal of the American Chemical Society},
    author = {Lee, Dongwook and Bolton, Onas and Kim, Byoung Choul and Youk, Ji Ho and Takayama, Shuichi and Kim, Jinsang},
    number = {16},
    month = {4},
    pages = {6325--6329},
    volume = {135},
    publisher = {American Chemical Society},
    doi = {10.1021/ja401769g},
    issn = {00027863}
}

@article{Diekman2010SeekingCareers,
    title = {{Seeking Congruity Between Goals and Roles: A New Look at Why Women Opt Out of Science, Technology, Engineering, and Mathematics Careers}},
    year = {2010},
    journal = {Psychological Science},
    author = {Diekman, Amanda B. and Brown, Elizabeth R. and Johnston, Amanda M. and Clark, Emily K.},
    number = {8},
    month = {8},
    pages = {1051--1057},
    volume = {21},
    doi = {10.1177/0956797610377342},
    issn = {09567976},
    keywords = {Engineering, Gender, Goals, Mathematics, Occupational choice, Science education, Sciences, Technology}
}

@article{Wasielewski2009Self-assemblySystems,
    title = {{Self-assembly strategies for integrating light harvesting and charge separation in artificial photosynthetic systems}},
    year = {2009},
    journal = {Accounts of Chemical Research},
    author = {Wasielewski, Michael R.},
    number = {12},
    month = {12},
    pages = {1910--1921},
    volume = {42},
    doi = {10.1021/ar9001735},
    issn = {00014842}
}

@article{Grimme2006SemiempiricalCorrection,
    title = {{Semiempirical GGA-type density functional constructed with a long-range dispersion correction}},
    year = {2006},
    journal = {Journal of Computational Chemistry},
    author = {Grimme, Stefan},
    number = {15},
    month = {11},
    pages = {1787--1799},
    volume = {27},
    doi = {10.1002/jcc.20495},
    issn = {01928651},
    keywords = {Density functional theory, Generalized gradient approximation, Thermochemistry, Van der Waals interactions}
}

@article{Lankas2000Sequence-dependentTinoco,
    title = {{Sequence-dependent elastic properties of DNA 1 1Edited by I. Tinoco}},
    year = {2000},
    journal = {Journal of Molecular Biology},
    author = {Lanka{\v{s}}, Filip and {\v{S}}poner, Jiřı́ and Hobza, Pavel and Langowski, Jörg},
    number = {3},
    month = {6},
    pages = {695--709},
    volume = {299},
    url = {https://linkinghub.elsevier.com/retrieve/pii/S0022283600937811},
    doi = {10.1006/jmbi.2000.3781},
    issn = {00222836},
    language = {en}
}

@article{Schwartz2005SexStudies,
    title = {{Sex differences in value priorities: Cross-cultural and multimethod studies}},
    year = {2005},
    journal = {Journal of Personality and Social Psychology},
    author = {Schwartz, Shalom H. and Rubel, Tammy},
    number = {6},
    month = {12},
    pages = {1010--1028},
    volume = {89},
    doi = {10.1037/0022-3514.89.6.1010},
    issn = {00223514},
    pmid = {16393031},
    keywords = {Cross-cultural, Sex differences, Values}
}

@article{DeAngelis2011SimulatingDesorption,
    title = {{Simulating {\{}Dye{\}}-{\{}Sensitized{\}} {\{}TiO{\}} {\$}{\_}{\{}{\{}2{\}}{\}}{\$} {\{}Heterointerfaces{\}} in {\{}Explicit{\}} {\{}Solvent{\}}: {\{}Absorption{\}} {\{}Spectra{\}}, {\{}Energy{\}} {\{}Levels{\}}, and {\{}Dye{\}} {\{}Desorption{\}}}},
    shorttitle = {Simulating {\{}Dye{\}}-{\{}Sensitized{\}} {\{}TiO{\}} {\$}{\_}{\{}{\{}2{\}}{\}}},
    year = {2011},
    journal = {The Journal of Physical Chemistry Letters},
    author = {De Angelis, Filippo and Fantacci, Simona and Gebauer, Ralph},
    number = {7},
    month = {4},
    pages = {813--817},
    volume = {2},
    url = {https://pubs.acs.org/doi/10.1021/jz200191u},
    doi = {10.1021/jz200191u},
    issn = {1948-7185}
}

@article{Baldassarre2015SimultaneousSpectra,
    title = {{Simultaneous fitting of absorption spectra and their second derivatives for an improved analysis of protein infrared spectra}},
    year = {2015},
    journal = {Molecules},
    author = {Baldassarre, Maurizio and Li, Chenge and Eremina, Nadejda and Goormaghtigh, Erik and Barth, Andreas},
    number = {7},
    month = {7},
    pages = {12599--12622},
    volume = {20},
    publisher = {MDPI AG},
    doi = {10.3390/molecules200712599},
    issn = {14203049},
    keywords = {Amide I, Curve fitting, FT-IR, Fourier-transform infrared spectroscopy, Second derivative, Secondary structure}
}

@article{Lee2010Single-MoleculeTime,
    title = {{Single-Molecule Three-Color FRET with Both Negligible Spectral Overlap and Long Observation Time}},
    year = {2010},
    journal = {PLoS ONE},
    author = {Lee, Sanghwa and Lee, Jinwoo and Hohng, Sungchul},
    editor = {Mayer, Claudine},
    number = {8},
    month = {8},
    pages = {e12270},
    volume = {5},
    publisher = {Public Library of Science},
    url = {https://dx.plos.org/10.1371/journal.pone.0012270},
    doi = {10.1371/journal.pone.0012270},
    issn = {1932-6203}
}

@misc{El-Khouly2017SolarPhotosynthesis,
    title = {{Solar energy conversion: From natural to artificial photosynthesis}},
    year = {2017},
    booktitle = {Journal of Photochemistry and Photobiology C: Photochemistry Reviews},
    author = {El-Khouly, Mohamed E. and El-Mohsnawy, Eithar and Fukuzumi, Shunichi},
    month = {6},
    pages = {36--83},
    volume = {31},
    publisher = {Elsevier B.V.},
    doi = {10.1016/j.jphotochemrev.2017.02.001},
    issn = {13895567},
    keywords = {Artificial photosynthesis, Natural photosynthesis, Semi-artificial photosynthesis}
}

@article{Tuller2017SolarPerspective,
    title = {{Solar to fuels conversion technologies: A perspective}},
    year = {2017},
    journal = {Materials for Renewable and Sustainable Energy},
    author = {Tuller, Harry L.},
    number = {1},
    month = {2},
    volume = {6},
    publisher = {SpringerOpen},
    doi = {10.1007/s40243-017-0088-2},
    issn = {21941467},
    keywords = {CO2 sequestration, Electrolysis, Fuel cell, Hydrogen economy, Photoelectrochemistry, Solar energy, Solar fuels, Thermochemical processes}
}

@article{Tuller2017SolarPerspectiveb,
    title = {{Solar to fuels conversion technologies: A perspective}},
    year = {2017},
    journal = {Materials for Renewable and Sustainable Energy},
    author = {Tuller, Harry L.},
    number = {1},
    month = {2},
    volume = {6},
    publisher = {SpringerOpen},
    doi = {10.1007/s40243-017-0088-2},
    issn = {21941467},
    keywords = {CO2 sequestration, Electrolysis, Fuel cell, Hydrogen economy, Photoelectrochemistry, Solar energy, Solar fuels, Thermochemical processes}
}

@article{Lewin2004SolutionsChemistry,
    title = {{Solutions of the Multiconfiguration Equations in Quantum Chemistry}},
    year = {2004},
    journal = {Archive for Rational Mechanics and Analysis},
    author = {Lewin, Mathieu},
    number = {1},
    month = {1},
    pages = {83--114},
    volume = {171},
    url = {http://link.springer.com/10.1007/s00205-003-0281-6},
    doi = {10.1007/s00205-003-0281-6},
    issn = {00039527},
    language = {en}
}

@article{Nizomov2006Spectral-luminescentSubstances,
    title = {{Spectral-luminescent study of interaction of squaraine dyes with biological substances}},
    year = {2006},
    journal = {Journal of Molecular Structure},
    author = {Nizomov, Negmat and Ismailov, Zafar F. and Nizamov, Shawkat N. and Salakhitdinova, Maysara K. and Tatarets, Anatoliy L. and Patsenker, Leonid D. and Khodjayev, Gayrat},
    number = {1-3},
    month = {5},
    pages = {36--42},
    volume = {788},
    doi = {10.1016/j.molstruc.2005.11.014},
    issn = {00222860},
    keywords = {Bovine serum albumin, Electronic absorption spectra, Fluorescence, Gialuronidaze, Squaraine dyes}
}

@inproceedings{Paterno2017SpectroscopicDyes,
    title = {{Spectroscopic investigation of squaraine dyes}},
    year = {2017},
    booktitle = {Organic Photonic Materials and Devices XIX},
    author = {Patern{\`{o}}, Giuseppe Maria and Galliano, Simone and Barbero, Nadia and Barolo, Claudia and Borrelli, Raffaele and Lanzani, Guglielmo and Scotognella, Francesco},
    editor = {Tabor, Christopher E. and Kajzar, François and Kaino, Toshikuni and Koike, Yasuhiro},
    month = {2},
    pages = {101010R},
    volume = {10101},
    publisher = {SPIE},
    url = {http://proceedings.spiedigitallibrary.org/proceeding.aspx?doi=10.1117/12.2251335},
    doi = {10.1117/12.2251335},
    keywords = {photoisomerization, squaraine dyes, steric and electronic effects, time-resolved spectroscopy}
}

@article{Balzer2017SpotlightFilms,
    title = {{Spotlight on excitonic coupling in polymorphic and textured anilino squaraine thin films}},
    year = {2017},
    journal = {Crystal Growth and Design},
    author = {Balzer, Frank and Kollmann, Heiko and Schulz, Matthias and Schnakenburg, Gregor and L{\"{u}}tzen, Arne and Schmidtmann, Marc and Lienau, Christoph and Silies, Martin and Schiek, Manuela},
    number = {12},
    pages = {6455--6466},
    volume = {17},
    publisher = {American Chemical Society},
    doi = {10.1021/acs.cgd.7b01131},
    issn = {15287505}
}

@techreport{Law1995SquaraineSquaraines,
    title = {{Squaraine Chemistry. Absorption, Fluorescence Emission, and Photophysics of Unsymmetrical Squaraines}},
    year = {1995},
    booktitle = {J. Phys. Chem},
    author = {Law, Kock-Yee and Wilson, Joseph C},
    pages = {9818--9824},
    volume = {99},
    url = {https://pubs.acs.org/sharingguidelines}
}

@misc{Beverina2010SquaraineApplications,
    title = {{Squaraine compounds: Tailored design and synthesis towards a variety of material science applications}},
    year = {2010},
    booktitle = {European Journal of Organic Chemistry},
    author = {Beverina, Luca and Salice, Patrizio},
    number = {7},
    month = {3},
    pages = {1207--1225},
    doi = {10.1002/ejoc.200901297},
    issn = {1434193X},
    keywords = {Materials science, Nonlinear optics, Photonics, Photovoltaics, Squaraines}
}

@article{Strassel2018SquaraineNm,
    title = {{Squaraine Dye for a Visibly Transparent All-Organic Optical Upconversion Device with Sensitivity at 1000 nm}},
    year = {2018},
    journal = {ACS Applied Materials and Interfaces},
    author = {Strassel, Karen and Kaiser, Adrian and Jenatsch, Sandra and V{\'{e}}ron, Anna C and Anantharaman, Surendra B and Hack, Erwin and Diethelm, Matthias and N{\"{u}}esch, Frank and Aderne, Rian and Legnani, Cristiano and Yakunin, Sergii and Cremona, Marco and Hany, Roland},
    number = {13},
    month = {4},
    pages = {11063--11069},
    volume = {10},
    url = {https://pubs.acs.org/doi/10.1021/acsami.8b00047},
    doi = {10.1021/acsami.8b00047},
    issn = {19448252},
    keywords = {near-infrared, organic light-emitting device, photodetector, squaraine, upconverter},
    language = {en}
}

@article{Volker2011SquaraineCentres,
    title = {{Squaraine dyes as efficient coupling bridges between triarylamine redox centres}},
    year = {2011},
    journal = {Chemistry - A European Journal},
    author = {V{\"{o}}lker, Sebastian F. and Renz, Manuel and Kaupp, Martin and Lambert, Christoph},
    number = {50},
    month = {12},
    pages = {14147--14163},
    volume = {17},
    publisher = {John Wiley {\&} Sons, Ltd},
    url = {http://doi.wiley.com/10.1002/chem.201102227},
    doi = {10.1002/chem.201102227},
    issn = {09476539},
    keywords = {density functional calculations, dyes/pigments, electrochemistry, squaraines, triarylamines}
}

@article{Sreejith2008SquaraineMaterials,
    title = {{Squaraine dyes: A mine of molecular materials}},
    year = {2008},
    journal = {Journal of Materials Chemistry},
    author = {Sreejith, Sivaramapanicker and Carol, Priya and Chithra, Parayalil and Ajayaghosh, Ayyappanpillai},
    number = {3},
    pages = {264--274},
    volume = {18},
    publisher = {Royal Society of Chemistry},
    doi = {10.1039/b707734c},
    issn = {13645501}
}

@article{Ilina2020SquaraineChallenges,
    title = {{Squaraine Dyes: Molecular Design for Different Applications and Remaining Challenges}},
    year = {2020},
    journal = {Bioconjugate Chemistry},
    author = {Ilina, Kristina and MacCuaig, William M. and Laramie, Matthew and Jeouty, Jannatun N. and McNally, Lacey R. and Henary, Maged},
    number = {2},
    month = {2},
    pages = {194--213},
    volume = {31},
    publisher = {American Chemical Society},
    doi = {10.1021/acs.bioconjchem.9b00482},
    issn = {15204812}
}

@article{Ilina2020SquaraineChallengesb,
    title = {{Squaraine Dyes: Molecular Design for Different Applications and Remaining Challenges}},
    year = {2020},
    journal = {Bioconjugate Chemistry},
    author = {Ilina, Kristina and MacCuaig, William M. and Laramie, Matthew and Jeouty, Jannatun N. and McNally, Lacey R. and Henary, Maged},
    number = {2},
    month = {2},
    pages = {194--213},
    volume = {31},
    publisher = {American Chemical Society},
    url = {http://www.ncbi.nlm.nih.gov/pubmed/31365819},
    doi = {10.1021/acs.bioconjchem.9b00482},
    issn = {15204812}
}

@article{Ilina2020SquaraineChallengesc,
    title = {{Squaraine Dyes: Molecular Design for Different Applications and Remaining Challenges}},
    year = {2020},
    journal = {Bioconjugate Chemistry},
    author = {Ilina, Kristina and MacCuaig, William M. and Laramie, Matthew and Jeouty, Jannatun N. and McNally, Lacey R. and Henary, Maged},
    number = {2},
    month = {2},
    pages = {194--213},
    volume = {31},
    publisher = {American Chemical Society},
    doi = {10.1021/acs.bioconjchem.9b00482},
    issn = {15204812}
}

@misc{Xia2017SquaraineDetection,
    title = {{Squaraine dyes: The hierarchical synthesis and its application in optical detection}},
    year = {2017},
    booktitle = {Journal of Photochemistry and Photobiology C: Photochemistry Reviews},
    author = {Xia, Guomin and Wang, Hongming},
    month = {6},
    pages = {84--113},
    volume = {31},
    publisher = {Elsevier B.V.},
    doi = {10.1016/j.jphotochemrev.2017.03.001},
    issn = {13895567},
    keywords = {Bio-sensors, Chemsensors, Fluorescent histological probes, Squaraine dyes}
}

@article{Fu2009SquaraineMacrocycles,
    title = {{Squaraine rotaxanes with boat conformation macrocycles}},
    year = {2009},
    journal = {Journal of Organic Chemistry},
    author = {Fu, Na and Baumes, Jeffrey M. and Arunkumar, Easwaran and Noll, Bruce C. and Smith, Bradley D.},
    number = {17},
    month = {9},
    pages = {6462--6468},
    volume = {74},
    publisher = {American Chemical Society},
    doi = {10.1021/jo901298n},
    issn = {00223263}
}

@article{Arunkumar2005Squaraine-derivedDyes,
    title = {{Squaraine-derived rotaxanes: Sterically protected fluorescent near-IR dyes}},
    year = {2005},
    journal = {Journal of the American Chemical Society},
    author = {Arunkumar, Easwaran and Forbes, Christopher C. and Noll, Bruce C. and Smith, Bradley D.},
    number = {10},
    month = {3},
    pages = {3288--3289},
    volume = {127},
    publisher = { American Chemical Society },
    doi = {10.1021/ja042404n},
    issn = {00027863}
}

@article{Ros-Lis2008SquarainesBehaviour,
    title = {{Squaraines as reporter units: Insights into their photophysics, protonation, and metal-ion coordination behaviour}},
    year = {2008},
    journal = {Chemistry - A European Journal},
    author = {Ros-Lis, Jose V. and Mart{\'{i}}nez-M{\'{a}}{\~{n}}ez, Ramón and Sancen{\'{o}}n, Félix and Soto, Juan and Spieles, Monika and Rurack, Knut},
    number = {32},
    month = {11},
    pages = {10101--10114},
    volume = {14},
    doi = {10.1002/chem.200800300},
    issn = {09476539},
    keywords = {Dyes/pigments, Fluorescence, Metal ions, Protonation, Squaraines}
}

@article{Bombis2010SteeringFunctionality,
    title = {{Steering organizational and conformational surface chirality by controlling molecular chemical functionality}},
    year = {2010},
    journal = {ACS Nano},
    author = {Bombis, Christian and Weigelt, Sigrid and Knudsen, Martin M. and N{\o}rgaard, Martin and Busse, Carsten and L{\oe}gsgaard, Erik and Besenbacher, Flemming and Gothelf, Kurt V. and Linderoth, Trolle R.},
    number = {1},
    month = {1},
    pages = {297--311},
    volume = {4},
    publisher = { American Chemical Society},
    doi = {10.1021/nn9012803},
    issn = {19360851},
    keywords = {Chirality, Molecular conformation, Oligo(phenylene- ethynylene)s, Organic synthesis, STM, Self-assembly}
}

@article{Nasir2017STEM-FocusedPossibilities,
    title = {{STEM-Focused Academies in Urban Schools: Tensions and Possibilities}},
    year = {2017},
    journal = {Journal of the Learning Sciences},
    author = {Nasir, Na’ilah Suad and Vakil, Sepehr},
    number = {3},
    month = {7},
    pages = {376--406},
    volume = {26},
    publisher = {Routledge},
    doi = {10.1080/10508406.2017.1314215},
    issn = {10508406}
}

@article{Kassem2017StereodivergentMachine,
    title = {{Stereodivergent synthesis with a programmable molecular machine}},
    year = {2017},
    journal = {Nature},
    author = {Kassem, Salma and Lee, Alan T.L. and Leigh, David A. and Marcos, Vanesa and Palmer, Leoni I. and Pisano, Simone},
    number = {7672},
    month = {9},
    pages = {374--378},
    volume = {549},
    publisher = {Nature Publishing Group},
    doi = {10.1038/nature23677},
    issn = {14764687}
}

@inproceedings{Ilumoka2012StrategiesSTEM,
    title = {{Strategies for overcoming barriers to women and minorities in STEM}},
    year = {2012},
    booktitle = {IEEE 2nd Integrated STEM Education Conference, ISEC 2012},
    author = {Ilumoka, Abby},
    isbn = {9781467310970},
    doi = {10.1109/ISECon.2012.6204171},
    keywords = {STEM, education, gender and racial bias, science self-efficacy}
}

@article{Werts2004StrongDeprotonation,
    title = {{Strong modulation of two-photon excited fluorescence of quadripolar dyes by (De)protonation}},
    year = {2004},
    journal = {Journal of the American Chemical Society},
    author = {Werts, Martinus H V and Gmouh, Said and Mongin, Olivier and Pons, Thomas and Blanchard-Desce, Mireille},
    number = {50},
    month = {12},
    pages = {16294--16295},
    volume = {126},
    doi = {10.1021/ja0446606},
    issn = {00027863}
}

@article{Pathak2016StructuralStorage,
    title = {{Structural and optical properties of in doped Se-Te phase-change thin films: A material for optical data storage}},
    year = {2016},
    journal = {Optical Materials},
    author = {Pathak, H. P. and Shukla, Nitesh and Kumar, Vipin and Dwivedi, D. K.},
    month = {2},
    pages = {69--74},
    volume = {52},
    publisher = {Elsevier B.V.},
    doi = {10.1016/j.optmat.2015.12.008},
    issn = {09253467},
    keywords = {Annealing, Chalcogenide glass, Optical band gap, Phase transformation, Thin films, XRD}
}

@article{Bialas2016StructuralMerocyanines,
    title = {{Structural and quantum chemical analysis of exciton coupling in homo-and heteroaggregate stacks of merocyanines}},
    year = {2016},
    journal = {Nature Communications},
    author = {Bialas, David and Zitzler-Kunkel, André and Kirchner, Eva and Schmidt, David and W{\"{u}}rthner, Frank},
    number = {1},
    month = {9},
    pages = {1--11},
    volume = {7},
    publisher = {Nature Publishing Group},
    doi = {10.1038/ncomms12949},
    issn = {20411723},
    keywords = {Electronic materials, Self, Theoretical chemistry, assembly}
}

@article{Crisp2009StudentInstitution,
    title = {{Student characteristics, pre-college, college, and environmental factors as predictors of majoring in and earning a STEM degree: An analysis of students attending a hispanic serving institution}},
    year = {2009},
    journal = {American Educational Research Journal},
    author = {Crisp, Gloria and Nora, Amaury and Taggart, Amanda},
    number = {4},
    month = {12},
    pages = {924--942},
    volume = {46},
    doi = {10.3102/0002831209349460},
    issn = {00028312},
    keywords = {Hispanic education, Postsecondary education, Student behavior/attitude}
}

@article{Stadler2011SubstituentTemplate,
    title = {{Substituent effects on the assembly of helical cyanine dye aggregates in the minor groove of a DNA template}},
    year = {2011},
    journal = {Langmuir},
    author = {Stadler, Andrea L and Renikuntla, Babu Rao and Yaron, David and Fang, Adam S and Armitage, Bruce A},
    number = {4},
    pages = {1472--1479},
    volume = {27},
    isbn = {4122684196},
    doi = {10.1021/la104329c},
    issn = {07437463}
}

@misc{SuccessfulBooks,
    title = {{Successful STEM Mentoring Initiatives for Underrepresented Students: A ... - Becky Wai-Ling Packard - Google Books}},
    url = {https://books.google.com/books?hl=en&lr=&id=NrOpCwAAQBAJ&oi=fnd&pg=PT13&dq=stem+mentoring+vs+non+stem&ots=N5kNoJM28U&sig=LlMo-aBWT7V1IW6RCV1M6dSrjRQ#v=onepage&q=stem%20mentoring%20vs%20non%20stem&f=false}
}

@article{Eithiraj2013SuitabilityStudy,
    title = {{Suitability of amorphous TiO2 nanoparticles as a photoelectrode in dye sensitized solar cells: A DFT-TDDFT study}},
    year = {2013},
    journal = {Chemical Physics Letters},
    author = {Eithiraj, R D and Geethalakshmi, K R},
    pages = {138--142},
    volume = {585},
    doi = {10.1016/j.cplett.2013.08.103},
    issn = {00092614}
}

@article{Doscher2014SunlightDevices,
    title = {{Sunlight absorption in water-efficiency and design implications for photoelectrochemical devices}},
    year = {2014},
    journal = {Energy and Environmental Science},
    author = {D{\"{o}}scher, H. and Geisz, J. F. and Deutsch, T. G. and Turner, J. A.},
    number = {9},
    month = {8},
    pages = {2951--2956},
    volume = {7},
    publisher = {Royal Society of Chemistry},
    doi = {10.1039/c4ee01753f},
    issn = {17545706}
}

@techreport{WuSupportingNanostructures,
    title = {{Supporting Information "Molecular Threading" and tunable molecular recognition on DNA origami nanostructures}},
    author = {Wu, Na and Czajkowsky, Daniel M and Zhang, Jinjin and Qu, Jianxun and Ye, Ming and Zeng, Dongdong and Zhou, Xingfei and Hu, Jun and Shao, Zhifeng and Li, Bin and Fan, Chunhai}
}

@article{Park2012SymmetricStudy,
    title = {{Symmetric vs. asymmetric squaraines as photosensitisers in mesoscopic injection solar cells: A structure-property relationship study}},
    year = {2012},
    journal = {Chemical Communications},
    author = {Park, Jinhyung and Barolo, Claudia and Sauvage, Frédéric and Barbero, Nadia and Benzi, Caterina and Quagliotto, Pierluigi and Coluccia, Salvatore and Di Censo, Davide and Gr{\"{a}}tzel, Michael and Nazeeruddin, Md K. and Viscardi, Guido},
    number = {22},
    month = {3},
    pages = {2782--2784},
    volume = {48},
    publisher = {Royal Society of Chemistry},
    doi = {10.1039/c2cc17187b},
    issn = {1364548X}
}

@article{Liu2015SynthesisSubstituents,
    title = {{Synthesis and luminescent properties of 4′-phenyl-2,2′:6′,2″-terpyridyl compounds bearing different aryl substituents}},
    year = {2015},
    journal = {Journal of Luminescence},
    author = {Liu, Yujian and Guo, Jun and Liu, Rui and Wang, Qiang and Jin, Xiaodong and Ma, Liangwei and Lv, Wangjie and Liu, Shishen and Yuan, Shidong and Zhu, Hongjun},
    month = {1},
    pages = {249--256},
    volume = {157},
    publisher = {Elsevier},
    doi = {10.1016/j.jlumin.2014.08.060},
    issn = {00222313},
    keywords = {DFT calculations, Light-emitting materials, Luminescent properties, Optical property, Synthesis, Terpyridine}
}

@article{Kuhn1979SyntheticOrganizates,
    title = {{Synthetic molecular organizates}},
    year = {1979},
    journal = {Journal of Photochemistry},
    author = {Kuhn, Hans},
    number = {1},
    pages = {111--132},
    volume = {10},
    doi = {10.1016/0047-2670(79)80039-8},
    issn = {00472670}
}

@techreport{AzaisTestingSuper-Resolution,
    title = {{Testing Gaussian Process with Applications to Super-Resolution}},
    author = {Aza{\"{i}}s, Jean-Marc and De Castro, Yohann and Mourareau, Stéphane},
    keywords = {Gaussian Process, Kac-Rice formula, Super-Resolution, and phrases: Hypothesis Testing}
}

@article{Adamo2013TheTheory,
    title = {{The calculations of excited-state properties with Time-Dependent Density Functional Theory}},
    year = {2013},
    journal = {Chem. Soc. Rev.},
    author = {Adamo, Carlo and Jacquemin, Denis},
    number = {3},
    pages = {845--856},
    volume = {42},
    url = {http://xlink.rsc.org/?DOI=C2CS35394F},
    doi = {10.1039/C2CS35394F},
    issn = {0306-0012, 1460-4744},
    language = {en}
}

@misc{Adamo2013TheTheoryb,
    title = {{The calculations of excited-state properties with time-dependent density functional theory}},
    year = {2013},
    booktitle = {Chemical Society Reviews},
    author = {Adamo, Carlo and Jacquemin, Denis},
    number = {3},
    month = {2},
    pages = {845--856},
    volume = {42},
    doi = {10.1039/c2cs35394f},
    issn = {03060012},
    pmid = {23117144},
    keywords = {Limits of today's TD-DFT models, Methods to account for environment, Properties that can be obtained with TD-DFT, Schemes to reach colours and charge-transfer}
}

@article{Clough1975TheDeuteration,
    title = {{The change of frequency of methyl group tunnelling rotation following deuteration}},
    year = {1975},
    journal = {Journal of Physics C: Solid State Physics},
    author = {Clough, S and Hobson, T and Nugent, S M},
    number = {7},
    month = {4},
    pages = {L95—-L97},
    volume = {8},
    url = {http://stacks.iop.org/0022-3719/8/i=7/a=001?key=crossref.5d352ec8303773e1d16fff4e881373f3},
    doi = {10.1088/0022-3719/8/7/001},
    issn = {0022-3719}
}

@techreport{WhiteTheCitation,
    title = {{The Creation and Validation of an Instrument to Measure School STEM Culture Recommended Citation}},
    booktitle = {All Dissertations Dissertations},
    author = {White, Christopher},
    pages = {12--2015},
    url = {https://tigerprints.clemson.edu/all_dissertations}
}

@article{Zhang2019TheSimulation,
    title = {{The effects of dye aggregation on the performance of organic dyes in dye-sensitized solar cells: From static model to molecular dynamics simulation}},
    year = {2019},
    journal = {Journal of Luminescence},
    author = {Zhang, Weiyi and Zhang, Yue and Su, Huishuang and Zhu, Xinrui and Wang, Li and Zhang, Jinglai},
    month = {1},
    pages = {7--13},
    volume = {205},
    publisher = {Elsevier B.V.},
    doi = {10.1016/j.jlumin.2018.08.084},
    issn = {00222313},
    keywords = {Aggregation, Dye-TiO2 adsorbed system, Dye-sensitized solar cells, Electronic coupling, Molecular dynamics}
}

@article{Kasha1965TheSpectroscopy,
    title = {{The Exciton Model In Molecular Spectroscopy}},
    year = {1965},
    journal = {Pure and Applied Chemistry},
    author = {Kasha, M. and Rawls, H. R. and El-Bayoumi, M. Ashraf},
    number = {3-4},
    month = {1},
    pages = {371--392},
    volume = {11},
    doi = {10.1351/pac196511030371},
    issn = {13653075}
}

@article{Kasha1965TheSpectroscopyb,
    title = {{The Exciton Model In Molecular Spectroscopy}},
    year = {1965},
    journal = {Pure and Applied Chemistry},
    author = {Kasha, M. and Rawls, H. R. and El-Bayoumi, M. Ashraf},
    number = {3-4},
    month = {1},
    pages = {371--392},
    volume = {11},
    doi = {10.1351/pac196511030371},
    issn = {13653075}
}

@techreport{JaffeTheEnergy,
    title = {{The fates of electronic excitation energy}},
    author = {Jaffe, Hans H and Miller, Albert L},
    pages = {1964--66},
    url = {https://pubs.acs.org/sharingguidelines}
}

@misc{Marais2018TheBiology,
    title = {{The future of quantum biology}},
    year = {2018},
    booktitle = {Journal of the Royal Society Interface},
    author = {Marais, Adriana and Adams, Betony and Ringsmuth, Andrew K. and Ferretti, Marco and Gruber, J. Michael and Hendrikx, Ruud and Schuld, Maria and Smith, Samuel L. and Sinayskiy, Ilya and Kr{\"{u}}ger, Tjaart P.J. and Petruccione, Francesco and van Grondelle, Rienk},
    number = {148},
    month = {11},
    volume = {15},
    publisher = {Royal Society Publishing},
    doi = {10.1098/rsif.2018.0640},
    issn = {17425662},
    keywords = {Artificial photosynthesis, Charge transfer, Enzyme catalysis, Light harvesting, Quantum technology, Sensing}
}

@article{Yang2017ThePerformance,
    title = {{The influence of intramolecular noncovalent interactions in unsymmetrical squaraines on material properties, film morphology and photovoltaic performance}},
    year = {2017},
    journal = {Dyes and Pigments},
    author = {Yang, Lin and Zhu, Youqin and Jiao, Yan and Yang, Daobin and Chen, Yao and Wu, Jianglin and Lu, Zhiyun and Zhao, Suling and Pu, Xuemei and Huang, Yan},
    month = {10},
    pages = {222--232},
    volume = {145},
    publisher = {Elsevier Ltd},
    doi = {10.1016/j.dyepig.2017.04.021},
    issn = {18733743},
    keywords = {Hydroxyl group, Noncovalent interaction, Organic photovoltaic, Phase separation, Unsymmetrical squaraines}
}

@article{Zhao2008TheFunction,
    title = {{The M06 suite of density functionals for main group thermochemistry, thermochemical kinetics, noncovalent interactions, excited states, and transition elements: Two new functionals and systematic testing of four M06-class functionals and 12 other function}},
    year = {2008},
    journal = {Theoretical Chemistry Accounts},
    author = {Zhao, Yan and Truhlar, Donald G},
    number = {1-3},
    month = {5},
    pages = {215--241},
    volume = {120},
    doi = {10.1007/s00214-007-0310-x},
    issn = {1432881X},
    keywords = {Correlation, Density functional theory, Exchange, Metals, Organic molecules}
}

@article{Zhao2008TheFunctionals,
    title = {{The M06 suite of density functionals for main group thermochemistry, thermochemical kinetics, noncovalent interactions, excited states, and transition elements: Two new functionals and systematic testing of four M06-class functionals and 12 other functionals}},
    year = {2008},
    journal = {Theoretical Chemistry Accounts},
    author = {Zhao, Yan and Truhlar, Donald G.},
    number = {1-3},
    month = {5},
    pages = {215--241},
    volume = {120},
    publisher = {Springer},
    doi = {10.1007/s00214-007-0310-x},
    issn = {1432881X},
    keywords = {Correlation, Density functional theory, Exchange, Metals, Organic molecules}
}

@article{Chung2015TheApplications,
    title = {{The ONIOM Method and Its Applications}},
    year = {2015},
    journal = {Chemical Reviews},
    author = {Chung, Lung Wa and Sameera, W M C and Ramozzi, Romain and Page, Alister J and Hatanaka, Miho and Petrova, Galina P and Harris, Travis V and Li, Xin and Ke, Zhuofeng and Liu, Fengyi and Li, Hai-Bei and Ding, Lina and Morokuma, Keiji},
    number = {12},
    month = {6},
    pages = {5678--5796},
    volume = {115},
    url = {https://pubs.acs.org/doi/10.1021/cr5004419},
    doi = {10.1021/cr5004419},
    issn = {0009-2665, 1520-6890},
    language = {en}
}

@article{Gautam2018TheDesign,
    title = {{The Role of FRET in Non-Fullerene Organic Solar Cells: Implications for Molecular Design}},
    year = {2018},
    journal = {Journal of Physical Chemistry A},
    author = {Gautam, Bhoj R. and Younts, Robert and Carpenter, Joshua and Ade, Harald and Gundogdu, Kenan},
    number = {15},
    month = {4},
    pages = {3764--3771},
    volume = {122},
    publisher = {American Chemical Society},
    doi = {10.1021/acs.jpca.7b12807},
    issn = {15205215}
}

@article{Bardeen2014TheExcitons,
    title = {{The Structure and Dynamics of Molecular Excitons}},
    year = {2014},
    journal = {Annual Review of Physical Chemistry},
    author = {Bardeen, Christopher J.},
    number = {1},
    month = {4},
    pages = {127--148},
    volume = {65},
    publisher = {Annual Reviews},
    url = {http://www.annualreviews.org/doi/10.1146/annurev-physchem-040513-103654},
    doi = {10.1146/annurev-physchem-040513-103654},
    issn = {0066-426X},
    keywords = {diffusion, fission, organic, semiconductor, solid state, spectroscopy}
}

@article{Nakatsu1977TheDye,
    title = {{The structure of 1,1'-diethyl-2,2'-cyanine iodide, a photographic sensitizing dye}},
    year = {1977},
    journal = {Acta Crystallographica Section B Structural Crystallography and Crystal Chemistry},
    author = {Nakatsu, K. and Yoshioka, H. and Morishita, H.},
    number = {7},
    month = {7},
    pages = {2181--2188},
    volume = {33},
    publisher = {International Union of Crystallography (IUCr)},
    doi = {10.1107/s0567740877007985},
    issn = {0567-7408}
}

@article{Ivanova2007TheNucleotides,
    title = {{The structure of LNA:DNA hybrids from molecular dynamics simulations: The effect of locked nucleotides}},
    shorttitle = {The Structure of LNA},
    year = {2007},
    journal = {Journal of Physical Chemistry A},
    author = {Ivanova, Anela and R{\"{o}}sch, Notker},
    number = {38},
    month = {9},
    pages = {9307--9319},
    volume = {111},
    url = {https://pubs.acs.org/doi/10.1021/jp073198j},
    doi = {10.1021/jp073198j},
    issn = {10895639},
    language = {en}
}

@article{Dalton2017TheMolecules,
    title = {{The symmetry group paradox for non-rigid molecules}},
    year = {2017},
    journal = {Molecular Physics},
    author = {Dalton, B J},
    number = {24},
    month = {12},
    pages = {3067--3075},
    volume = {115},
    url = {https://www.tandfonline.com/doi/full/10.1080/00268976.2017.1347296},
    doi = {10.1080/00268976.2017.1347296},
    issn = {13623028},
    keywords = {Non-rigid molecules, energy level splitting, permutation-inversions, quantum tunnelling, symmetry group},
    language = {en}
}

@article{Longuet-Higgins1963TheMolecules,
    title = {{The symmetry groups of non-rigid molecules}},
    year = {1963},
    journal = {Molecular Physics},
    author = {Longuet-Higgins, H C},
    number = {5},
    month = {6},
    pages = {445--460},
    volume = {6},
    url = {http://www.tandfonline.com/doi/abs/10.1080/00268976300100501},
    doi = {10.1080/00268976300100501},
    issn = {0026-8976, 1362-3028},
    language = {en}
}

@article{Davydov1964THEEXCITONS,
    title = {{THE THEORY OF MOLECULAR EXCITONS}},
    year = {1964},
    journal = {Soviet Physics Uspekhi},
    author = {Davydov, A S},
    number = {2},
    month = {2},
    pages = {145--178},
    volume = {7},
    publisher = {IOP Publishing},
    doi = {10.1070/pu1964v007n02abeh003659},
    issn = {0038-5670}
}

@article{Denholm2009TheSystems,
    title = {{The value of compressed air energy storage with wind in transmission-constrained electric power systems}},
    year = {2009},
    journal = {Energy Policy},
    author = {Denholm, Paul and Sioshansi, Ramteen},
    number = {8},
    month = {8},
    pages = {3149--3158},
    volume = {37},
    publisher = {Elsevier},
    doi = {10.1016/j.enpol.2009.04.002},
    issn = {03014215},
    keywords = {Energy storage, Transmission, Wind}
}

@article{Borrelli2014TheoreticalDye,
    title = {{Theoretical and experimental determination of the absorption and emission spectra of a prototypical indolenine-based squaraine dye}},
    year = {2014},
    journal = {Physical Chemistry Chemical Physics},
    author = {Borrelli, Raffaele and Ellena, Silvano and Barolo, Claudia},
    number = {6},
    month = {2},
    pages = {2390--2398},
    volume = {16},
    publisher = {The Royal Society of Chemistry},
    doi = {10.1039/c3cp54298j},
    issn = {14639076}
}

@article{Borrelli2014TheoreticalDyeb,
    title = {{Theoretical and experimental determination of the absorption and emission spectra of a prototypical indolenine-based squaraine dye}},
    year = {2014},
    journal = {Physical Chemistry Chemical Physics},
    author = {Borrelli, Raffaele and Ellena, Silvano and Barolo, Claudia},
    number = {6},
    month = {2},
    pages = {2390--2398},
    volume = {16},
    publisher = {The Royal Society of Chemistry},
    doi = {10.1039/c3cp54298j},
    issn = {14639076}
}

@article{Peng2017TheoreticalMolecule,
    title = {{Theoretical Study of Conversion and Decay Processes of Excited Triplet and Singlet States in a Thermally Activated Delayed Fluorescence Molecule}},
    year = {2017},
    journal = {Journal of Physical Chemistry C},
    author = {Peng, Qian and Fan, Di and Duan, Ruihong and Yi, Yuanping and Niu, Yingli and Wang, Dong and Shuai, Zhigang},
    number = {25},
    month = {6},
    pages = {13448--13456},
    volume = {121},
    publisher = {American Chemical Society},
    doi = {10.1021/acs.jpcc.7b00692},
    issn = {19327455}
}

@article{Juwita2018TheoreticalCell,
    title = {{Theoretical Study of Electron Transfer Properties of Squaraine Dyes for Dye Sensitized Solar Cell}},
    year = {2018},
    journal = {IOP Conference Series: Materials Science and Engineering},
    author = {Juwita, Ratna and Tsai, Hui-Hsu Gavin},
    month = {1},
    pages = {12058},
    volume = {299},
    url = {http://stacks.iop.org/1757-899X/299/i=1/a=012058?key=crossref.5bae382ec47a17176879a4624801a427},
    doi = {10.1088/1757-899X/299/1/012058},
    issn = {1757-8981, 1757-899X},
    language = {en}
}

@article{Merrifield1964TheoryStates,
    title = {{Theory of the Vibrational Structure of Molecular Exciton States}},
    year = {1964},
    journal = {The Journal of Chemical Physics},
    author = {Merrifield, R E},
    number = {2},
    month = {1},
    pages = {445--450},
    volume = {40},
    url = {http://aip.scitation.org/doi/10.1063/1.1725135},
    doi = {10.1063/1.1725135},
    issn = {0021-9606, 1089-7690},
    language = {en}
}

@article{Ndong2014TimeOrientation,
    title = {{Time optimization and state-dependent constraints in the quantum optimal control of molecular orientation}},
    year = {2014},
    journal = {Journal of Modern Optics},
    author = {Ndong, M and Koch, C P and Sugny, D},
    number = {10},
    month = {6},
    pages = {857--863},
    volume = {61},
    url = {http://www.tandfonline.com/doi/abs/10.1080/09500340.2013.860200},
    doi = {10.1080/09500340.2013.860200},
    issn = {13623044},
    arxivId = {1308.0666},
    keywords = {molecular orientation, optimal control theory, state-space constraints, time-optimization},
    language = {en}
}

@article{Rocca2009Time-dependentCells,
    title = {{Time-dependent density functional theory study of squaraine dye-sensitized solar cells}},
    year = {2009},
    journal = {Chemical Physics Letters},
    author = {Rocca, Dario and Gebauer, Ralph and De Angelis, Filippo and Nazeeruddin, Mohammad K and Baroni, Stefano},
    number = {1-3},
    month = {6},
    pages = {49--53},
    volume = {475},
    url = {https://linkinghub.elsevier.com/retrieve/pii/S0009261409005624},
    doi = {10.1016/j.cplett.2009.05.019},
    issn = {00092614}
}

@article{NovelliTitle:Temperature,
    title = {{Title: Vibronic resonances sustain excited state coherence in light harvesting proteins at room temperature}},
    author = {Novelli, Fabio and Richards, Gethin H and Roozbeh, Ashkan and Wilk, Krystyna E and Davis, Jeffrey A},
    pages = {13},
    language = {en}
}

@misc{Gray2014Triplet-tripletApplications,
    title = {{Triplet-triplet annihilation photon-upconversion: Towards solar energy applications}},
    shorttitle = {Triplet–triplet annihilation photon-upconversion},
    year = {2014},
    booktitle = {Physical Chemistry Chemical Physics},
    author = {Gray, Victor and Dzebo, Damir and Abrahamsson, Maria and Albinsson, Bo and Moth-Poulsen, Kasper},
    number = {22},
    pages = {10345--10352},
    volume = {16},
    url = {http://xlink.rsc.org/?DOI=C4CP00744A},
    doi = {10.1039/c4cp00744a},
    issn = {14639076},
    pmid = {24733519},
    language = {en}
}

@article{Beverina2014TwistsChemistry,
    title = {{Twists and turns around a square: The many faces of Squaraine chemistry}},
    year = {2014},
    journal = {Synlett},
    author = {Beverina, Luca and Sassi, Mauro},
    number = {4},
    month = {3},
    pages = {477--490},
    volume = {25},
    doi = {10.1055/s-0033-1340482},
    issn = {09365214},
    keywords = {conjugation, cyanines, heterocycles, materials science, squaraines}
}

@article{Rappe1992UFFSimulations,
    title = {{UFF, a Full Periodic Table Force Field for Molecular Mechanics and Molecular Dynamics Simulations}},
    year = {1992},
    journal = {Journal of the American Chemical Society},
    author = {Rapp{\'{e}}, A K and Casewit, C J and Colwell, K S and Goddard, W A and Skiff, W M},
    number = {25},
    month = {12},
    pages = {10024--10035},
    volume = {114},
    url = {https://pubs.acs.org/doi/abs/10.1021/ja00051a040},
    doi = {10.1021/ja00051a040},
    issn = {15205126},
    language = {en}
}

@article{Baxter2014UltrafastFuels,
    title = {{Ultrafast Carrier Dynamics in Nanostructures for Solar Fuels}},
    year = {2014},
    journal = {Annual Review of Physical Chemistry},
    author = {Baxter, Jason B. and Richter, Christiaan and Schmuttenmaer, Charles A.},
    number = {1},
    month = {4},
    pages = {423--447},
    volume = {65},
    publisher = {Annual Reviews},
    url = {http://www.annualreviews.org/doi/10.1146/annurev-physchem-040513-103742},
    doi = {10.1146/annurev-physchem-040513-103742},
    issn = {0066-426X},
    keywords = {Fe2O3, TiO2, hematite, hydrogen generation, interfacial electron transfer, transient absorption, water oxidation}
}

@article{Mazzeo2014UltrastrongDiodes,
    title = {{Ultrastrong light-matter coupling in electrically doped microcavity organic light emitting diodes}},
    year = {2014},
    journal = {Applied Physics Letters},
    author = {Mazzeo, M. and Genco, A. and Gambino, S. and Ballarini, D. and Mangione, F. and Di Stefano, O. and Patan{\`{e}}, S. and Savasta, S. and Sanvitto, D. and Gigli, G.},
    number = {23},
    month = {6},
    volume = {104},
    publisher = {American Institute of Physics Inc.},
    doi = {10.1063/1.4882422},
    issn = {00036951}
}

@article{Kelly1999UnidirectionalSystem,
    title = {{Unidirectional rotary motion in a molecular system}},
    year = {1999},
    journal = {Nature},
    author = {Kelly, T. Ross and De Silva, Harshanl and Silva, Richard A.},
    number = {6749},
    month = {9},
    pages = {150--152},
    volume = {401},
    doi = {10.1038/43639},
    issn = {00280836}
}

@misc{Bui2019UtilizingApplications,
    title = {{Utilizing the Organizational Power of DNA Scaffolds for New Nanophotonic Applications}},
    year = {2019},
    booktitle = {Advanced Optical Materials},
    author = {Bui, Hieu and D{\'{i}}az, Sebastián A. and Fontana, Jake and Chiriboga, Matthew and Veneziano, Remi and Medintz, Igor L.},
    number = {18},
    month = {9},
    volume = {7},
    publisher = {Wiley-VCH Verlag},
    doi = {10.1002/adom.201900562},
    issn = {21951071},
    keywords = {DNA scaffolds, F{\"{o}}rster resonance energy transfer, chiral properties, metamaterials, nanoscale optical devices, optically active molecules, plasmonic nanomaterials}
}

@article{BaroneVibrationally-resolved09,
    title = {{Vibrationally-resolved electronic spectra in GAUSSIAN 09}},
    author = {Barone, V and Bloino, J and Biczysko, M},
    pages = {20},
    language = {en}
}

@misc{Bleger2015Visible-Light-ActivatedSwitches,
    title = {{Visible-Light-Activated Molecular Switches}},
    year = {2015},
    booktitle = {Angewandte Chemie - International Edition},
    author = {Bl{\'{e}}ger, David and Hecht, Stefan},
    number = {39},
    month = {9},
    pages = {11338--11349},
    volume = {54},
    publisher = {Wiley-VCH Verlag},
    doi = {10.1002/anie.201500628},
    issn = {15213773},
    keywords = {optical control, photochromism, photoswitches, stimuli-responsive systems, visible light}
}

@article{Chang2014WhatGroups,
    title = {{What matters in college for retaining aspiring scientists and engineers from underrepresented racial groups}},
    year = {2014},
    journal = {Journal of Research in Science Teaching},
    author = {Chang, Mitchell J. and Sharkness, Jessica and Hurtado, Sylvia and Newman, Christopher B.},
    number = {5},
    pages = {555--580},
    volume = {51},
    publisher = {John Wiley and Sons Inc.},
    doi = {10.1002/tea.21146},
    issn = {10982736},
    keywords = {achievement gap, persistence, race, retention, student experience, underrepresented racial minorities}
}

@article{Papert2000WhatsPower,
    title = {{What's the big idea? Toward a pedagogy of idea power}},
    year = {2000},
    journal = {IBM Systems Journal},
    author = {Papert, Seymour},
    number = {3-4},
    pages = {720--729},
    volume = {39},
    publisher = {IBM},
    doi = {10.1147/sj.393.0720},
    issn = {00188670}
}

@article{Zheng2016WhereSpectra,
    title = {{Where Is the Electronic Oscillator Strength? Mapping Oscillator Strength across Molecular Absorption Spectra}},
    shorttitle = {Where Is the Electronic Oscillator Strength?},
    year = {2016},
    journal = {Journal of Physical Chemistry A},
    author = {Zheng, Lianjun and Polizzi, Nicholas F and Dave, Adarsh R and Migliore, Agostino and Beratan, David N},
    number = {11},
    month = {3},
    pages = {1933--1943},
    volume = {120},
    url = {https://doi.org/10.1021/acs.jpca.6b00692},
    doi = {10.1021/acs.jpca.6b00692},
    issn = {15205215}
}

@article{Punitharasu2019-ExtendedResponse,
    title = {{{$\pi$}-Extended cis -Configured Unsymmetrical Squaraine Dyes for Dye-Sensitized Solar Cells: Panchromatic Response}},
    year = {2019},
    journal = {ACS Applied Energy Materials},
    author = {Punitharasu, Vellimalai and Mele Kavungathodi, Munavvar Fairoos and Singh, Ambarish Kumar and Nithyanandhan, Jayaraj},
    number = {12},
    month = {12},
    pages = {8464--8472},
    volume = {2},
    publisher = {American Chemical Society},
    doi = {10.1021/acsaem.9b01341},
    issn = {25740962},
    keywords = {cis-squaraine dyes, dye aggregation, dye-sensitized solar cells, extended far-red absorption, panchromatic response}
}