@article{Cannon2018LargeAggregates,
    title = {{Large Davydov Splitting and Strong Fluorescence Suppression: An Investigation of Exciton Delocalization in DNA-Templated Holliday Junction Dye Aggregates}},
    year = {2018},
    journal = {Journal of Physical Chemistry A},
    author = {Cannon, Brittany L. and Patten, Lance K. and Kellis, Donald L. and Davis, Paul H. and Lee, Jeunghoon and Graugnard, Elton and Yurke, Bernard and Knowlton, William B.},
    number = {8},
    month = {3},
    pages = {2086--2095},
    volume = {122},
    publisher = {American Chemical Society},
    doi = {10.1021/acs.jpca.7b12668},
    issn = {15205215}
}

@article{Markova2013ComparisonLabels,
    title = {{Comparison of a series of hydrophilic squaraine and cyanine dyes for use as biological labels}},
    year = {2013},
    journal = {Dyes and Pigments},
    author = {Markova, Larysa I and Terpetschnig, Ewald A and Patsenker, Leonid D},
    number = {3},
    month = {12},
    pages = {561--570},
    volume = {99},
    url = {https://linkinghub.elsevier.com/retrieve/pii/S0143720813002362},
    doi = {10.1016/j.dyepig.2013.06.022},
    issn = {01437208},
    keywords = {Aggregation, Cyanines, Fluorescence lifetime, IgG-conjugates, Quantum yields, Squaraines}
}


@article{Zhong2019DavydovDimers,
    title = {{Davydov Splitting in Squaraine Dimers}},
    year = {2019},
    journal = {Journal of Physical Chemistry C},
    author = {Zhong, Chuwei and Bialas, David and Collison, Christopher J. and Spano, Frank C.},
    number = {30},
    pages = {18734--18745},
    volume = {123},
    publisher = {American Chemical Society},
    doi = {10.1021/acs.jpcc.9b05297},
    issn = {19327455}
}

@article{Wei2012FunctionalizedPhotovoltaics,
    title = {{Functionalized squaraine donors for nanocrystalline organic photovoltaics}},
    year = {2012},
    journal = {ACS Nano},
    author = {Wei, Guodan and Xiao, Xin and Wang, Siyi and Sun, Kai and Bergemann, Kevin J and Thompson, Mark E and Forrest, Stephen R},
    number = {1},
    month = {1},
    pages = {972--978},
    volume = {6},
    url = {https://pubs.acs.org/doi/10.1021/nn204676j},
    doi = {10.1021/nn204676j},
    issn = {19360851},
    keywords = {small molecule, solar cell, solution process},
    language = {en}
}

@article{Chen2018DensityCell,
    title = {{Density functional theory investigations of D-A-D' structural molecules as donor materials in organic solar cell}},
    year = {2018},
    journal = {Frontiers in Chemistry},
    author = {Chen, Junxian and Liu, Qingyu and Li, Hao and Zhao, Zhigang and Lu, Zhiyun and Huang, Yan and Xu, Dingguo},
    number = {JUN},
    month = {6},
    pages = {200},
    volume = {6},
    url = {https://www.frontiersin.org/article/10.3389/fchem.2018.00200/full},
    doi = {10.3389/fchem.2018.00200},
    issn = {22962646},
    keywords = {D-A-D' framework, DFT, Fill factor, Open-circuit voltage, Organic solar cell, Short-circuit current density, Squaraine},
    language = {en}
}

@article{Strassel2018SquaraineNm,
    title = {{Squaraine Dye for a Visibly Transparent All-Organic Optical Upconversion Device with Sensitivity at 1000 nm}},
    year = {2018},
    journal = {ACS Applied Materials and Interfaces},
    author = {Strassel, Karen and Kaiser, Adrian and Jenatsch, Sandra and V{\'{e}}ron, Anna C and Anantharaman, Surendra B and Hack, Erwin and Diethelm, Matthias and N{\"{u}}esch, Frank and Aderne, Rian and Legnani, Cristiano and Yakunin, Sergii and Cremona, Marco and Hany, Roland},
    number = {13},
    month = {4},
    pages = {11063--11069},
    volume = {10},
    url = {https://pubs.acs.org/doi/10.1021/acsami.8b00047},
    doi = {10.1021/acsami.8b00047},
    issn = {19448252},
    keywords = {near-infrared, organic light-emitting device, photodetector, squaraine, upconverter},
    language = {en}
}


@article{Kellis2019AnPhases,
    title = {{An All-Optical Excitonic Switch Operated in the Liquid and Solid Phases}},
    year = {2019},
    journal = {ACS Nano},
    author = {Kellis, Donald L and Sarter, Christopher and Cannon, Brittany L and Davis, Paul H and Graugnard, Elton and Lee, Jeunghoon and Pensack, Ryan D and Kolmar, Theresa and J{\"{a}}schke, Andres and Yurke, Bernard and Knowlton, William B},
    number = {3},
    month = {3},
    pages = {2986--2994},
    volume = {13},
    publisher = {American Chemical Society},
    doi = {10.1021/acsnano.8b07504},
    issn = {1936086X},
    keywords = {DNA nanotechnology, all-optical switch, excitonic transfer, fret, photochromic nucleotide}
}

@misc{Scholes2011LessonsHarvesting,
    title = {{Lessons from nature about solar light harvesting}},
    year = {2011},
    booktitle = {Nature Chemistry},
    author = {Scholes, Gregory D and Fleming, Graham R and Olaya-Castro, Alexandra and Van Grondelle, Rienk},
    number = {10},
    month = {10},
    pages = {763--774},
    volume = {3},
    doi = {10.1038/nchem.1145},
    issn = {17554330},
    pmid = {21941248}
}

@article{Ilina2020SquaraineChallenges,
    title = {{Squaraine Dyes: Molecular Design for Different Applications and Remaining Challenges}},
    year = {2020},
    journal = {Bioconjugate Chemistry},
    author = {Ilina, Kristina and MacCuaig, William M. and Laramie, Matthew and Jeouty, Jannatun N. and McNally, Lacey R. and Henary, Maged},
    number = {2},
    month = {2},
    pages = {194--213},
    volume = {31},
    publisher = {American Chemical Society},
    doi = {10.1021/acs.bioconjchem.9b00482},
    issn = {15204812}
}


@article{Bassal2017ExploringADC2,
    title = {{Exploring the excited-states of squaraine dyes with TD-DFT, SOS-CIS(D) and ADC(2)}},
    year = {2017},
    journal = {Dyes and Pigments},
    author = {Bassal, Fadel and Laurent, Ad√®le D. and Le Guennic, Boris and Jacquemin, Denis},
    month = {3},
    pages = {169--175},
    volume = {138},
    publisher = {Elsevier Ltd},
    doi = {10.1016/j.dyepig.2016.11.046},
    issn = {18733743},
    keywords = {Ab initio calculations, Cyanine dyes, Fluorescence, Optical spectra, TD-DFT}
}

@article{Kolosova2018MolecularSquaraines,
    title = {{Molecular structure and spectral properties of indolenine based norsquaraines versus squaraines}},
    year = {2018},
    author = {Kolosova, Olga S and Shishkina, Svitlana V and Marks, Vered and Gellerman, Gary and Hovor, Iryna V and Tatarets, Anatoliy L and Terpetschnig, Ewald A and Patsenker, Leonid D},
    url = {www.elsevier.com/locate/dyepig},
    doi = {10.1016/j.dyepig.2018.12.007},
    keywords = {Complexes, Molecular structure, Norsquaraine, Simulations BSA-, Spectral properties, Squaraine}
}

@article{Paterno2018ExcitedScenario,
    title = {{Excited state photophysics of squaraine dyes for photovoltaic applications: An alternative deactivation scenario}},
    year = {2018},
    journal = {Journal of Materials Chemistry C},
    author = {Patern{\`{o}}, G M and Barbero, N and Galliano, S and Barolo, C and Lanzani, G and Scotognella, F and Borrelli, R},
    number = {11},
    pages = {2778--2785},
    volume = {6},
    doi = {10.1039/c7tc05078j},
    issn = {20507526}
}

@article{Fothergill2018AbDyes,
    title = {{Ab Initio Studies of Exciton Interactions of Cy5 Dyes}},
    year = {2018},
    journal = {Journal of Physical Chemistry A},
    author = {Fothergill, Jenny W and Hernandez, Andres C and Knowlton, William B and Yurke, Bernard and Li, Lan},
    number = {46},
    month = {11},
    pages = {8989--8997},
    volume = {122},
    url = {https://doi.org/10.1021/acs.jpca.8b05237},
    doi = {10.1021/acs.jpca.8b05237},
    issn = {15205215}
}

@misc{M.J.FrischG.W.Trucks2016Gaussian09,
    title = {{Gaussian 09}},
    year = {2016},
    booktitle = {Gaussian, Inc.},
    author = {M. J. Frisch G. W. Trucks, H B Schlegel G E Scuseria M A Robb J R Cheeseman G Scalmani V Barone B Mennucci G A Petersson H Nakatsuji M Caricato X Li H P Hratchian A F Izmaylov J Bloino G Zheng J L Sonnenberg M Had and Fox, D J}
}

@article{Hanwell2012Avogadro:Platform,
    title = {{Avogadro: an advanced semantic chemical editor, visualization, and analysis platform}},
    year = {2012},
    journal = {Journal of Cheminformatics},
    author = {Hanwell, Marcus D and Curtis, Donald E and Lonie, David C and Vandermeersch, Tim and Zurek, Eva and Hutchison, Geoffrey R},
    number = {1},
    pages = {17},
    volume = {4},
    url = {https://doi.org/10.1186/1758-2946-4-17},
    doi = {10.1186/1758-2946-4-17},
    issn = {1758-2946}
}


@article{Rappe1992UFFSimulations,
    title = {{UFF, a Full Periodic Table Force Field for Molecular Mechanics and Molecular Dynamics Simulations}},
    year = {1992},
    journal = {Journal of the American Chemical Society},
    author = {Rapp{\'{e}}, A K and Casewit, C J and Colwell, K S and Goddard, W A and Skiff, W M},
    number = {25},
    month = {12},
    pages = {10024--10035},
    volume = {114},
    url = {https://pubs.acs.org/doi/abs/10.1021/ja00051a040},
    doi = {10.1021/ja00051a040},
    issn = {15205126},
    language = {en}
}

@article{Zhao2008TheFunction,
    title = {{The M06 suite of density functionals for main group thermochemistry, thermochemical kinetics, noncovalent interactions, excited states, and transition elements: Two new functionals and systematic testing of four M06-class functionals and 12 other function}},
    year = {2008},
    journal = {Theoretical Chemistry Accounts},
    author = {Zhao, Yan and Truhlar, Donald G},
    number = {1-3},
    month = {5},
    pages = {215--241},
    volume = {120},
    doi = {10.1007/s00214-007-0310-x},
    issn = {1432881X},
    keywords = {Correlation, Density functional theory, Exchange, Metals, Organic molecules}
}

@article{Jacquemin2011Excited-stateEnvironments,
    title = {{Excited-state calculations with TD-DFT: From benchmarks to simulations in complex environments}},
    shorttitle = {Excited-state calculations with TD-DFT},
    year = {2011},
    journal = {Physical Chemistry Chemical Physics},
    author = {Jacquemin, Denis and Mennucci, Benedetta and Adamo, Carlo},
    number = {38},
    pages = {16987--16998},
    volume = {13},
    url = {http://xlink.rsc.org/?DOI=c1cp22144b},
    doi = {10.1039/c1cp22144b},
    issn = {14639076},
    language = {en}
}

@techreport{AzaisTestingSuper-Resolution,
    title = {{Testing Gaussian Process with Applications to Super-Resolution}},
    author = {Aza{\"{i}}s, Jean-Marc and De Castro, Yohann and Mourareau, St√©phane},
    keywords = {Gaussian Process, Kac-Rice formula, Super-Resolution, and phrases: Hypothesis Testing}
}

@article{Santoro2008EffectiveStudy,
    title = {{Effective method for the computation of optical spectra of large molecules at finite temperature including the Duschinsky and Herzberg-Teller effect: The Qx band of porphyrin as a case study}},
    year = {2008},
    journal = {Journal of Chemical Physics},
    author = {Santoro, Fabrizio and Lami, Alessandro and Improta, Roberto and Bloino, Julien and Barone, Vincenzo},
    number = {22},
    month = {6},
    pages = {224311},
    volume = {128},
    publisher = {American Institute of Physics},
    url = {http://aip.scitation.org/doi/10.1063/1.2929846},
    doi = {10.1063/1.2929846},
    issn = {00219606},
    pmid = {18554017},
    keywords = {Franck-Condon factors, electric moments, fluorescence, molecular moments, organic compounds, transition moments, ultraviolet spectra, vibrational states, vibronic states, visible spectra}
}

@article{Kolosova2019MolecularSquaraines,
    title = {{Molecular structure and spectral properties of indolenine based norsquaraines versus squaraines}},
    year = {2019},
    journal = {Dyes and Pigments},
    author = {Kolosova, Olga S. and Shishkina, Svitlana V. and Marks, Vered and Gellerman, Gary and Hovor, Iryna V. and Tatarets, Anatoliy L. and Terpetschnig, Ewald A. and Patsenker, Leonid D.},
    pages = {318--329},
    volume = {163},
    doi = {10.1016/j.dyepig.2018.12.007},
    issn = {18733743},
    keywords = {BSA-Complexes, Molecular structure, Norsquaraine, Simulations, Spectral properties, Squaraine}
}


@article{Jacquemin2016Excited-StateCC2,
    title = {{Excited-State Dipole and Quadrupole Moments: TD-DFT versus CC2}},
    year = {2016},
    journal = {Journal of Chemical Theory and Computation},
    author = {Jacquemin, Denis},
    number = {8},
    month = {8},
    pages = {3993--4003},
    volume = {12},
    publisher = {American Chemical Society},
    doi = {10.1021/acs.jctc.6b00498},
    issn = {15499626}
}


@article{Cannon2017CoherentSystem,
    title = {{Coherent Exciton Delocalization in a Two-State DNA-Templated Dye Aggregate System}},
    year = {2017},
    journal = {The Journal of Physical Chemistry A},
    author = {Cannon, Brittany L and Kellis, Donald L and Patten, Lance K and Davis, Paul H and Lee, Jeunghoon and Graugnard, Elton and Yurke, Bernard and Knowlton, William B},
    number = {37},
    month = {9},
    pages = {6905--6916},
    volume = {121},
    url = {https://doi.org/10.1021/acs.jpca.7b04344},
    doi = {10.1021/acs.jpca.7b04344},
    issn = {1089-5639}
}

@article{Kasha1965TheSpectroscopy,
    title = {{The Exciton Model In Molecular Spectroscopy}},
    year = {1965},
    journal = {Pure and Applied Chemistry},
    author = {Kasha, M. and Rawls, H. R. and El-Bayoumi, M. Ashraf},
    number = {3-4},
    month = {1},
    pages = {371--392},
    volume = {11},
    doi = {10.1351/pac196511030371},
    issn = {13653075}
}

@article{Abramavicius2009ExtractingSpectra,
    title = {{Extracting single and two-exciton couplings in photosynthetic complexes by coherent two-dimensional electronic spectra}},
    year = {2009},
    journal = {Chemical Physics},
    author = {Abramavicius, Darius and Palmieri, Benoit and Mukamel, Shaul},
    number = {1-3},
    month = {2},
    pages = {79--84},
    volume = {357},
    url = {https://linkinghub.elsevier.com/retrieve/pii/S0301010408004515},
    doi = {10.1016/j.chemphys.2008.10.010},
    issn = {03010104},
    keywords = {Excitons, Femtosecond spectroscopy, Photosynthetic aggregates}
}